{
  "ticker": "HJC",
  "data": [
    {
      "quarter": "Q4 2016",
      "income status": {
        "Net sales": 159971,
        "Cost of goods sold": 138894,
        "Gross Profit": 21077,
        "Financial expenses": 8346,
        "Of which: Interest expense": 8346,
        "Cost of sales": 2365,
        "Enterprise cost management": 11750,
        "Total Operating Expenses": 22461,
        "Total revenue financing activities": 6,
        "Net profit from business activities": -1379,
        "Profit": "N/A",
        "Profit before tax": -1379,
        "Present corporate income tax expenses": "N/A",
        "Deferred income taxes expenses": "N/A",
        "The interests of minority shareholders": "N/A",
        "Total Cost of profits": 0,
        "Profit after tax corporate income": -1379,
        "Volume": 12853052,
        "Close of Quarter": 5,
        "EPS": 55,
        "Non-adjusted EPS": 55,
        "PE": 90.9,
        "Book Price": 12.6
      }
    },
    {
      "quarter": "Q3 2016",
      "income status": {
        "Net sales": 91495,
        "Cost of goods sold": 77152,
        "Gross Profit": 14343,
        "Financial expenses": 4036,
        "Of which: Interest expense": 4036,
        "Cost of sales": 3151,
        "Enterprise cost management": 7228,
        "Total Operating Expenses": 14415,
        "Total revenue financing activities": 5,
        "Net profit from business activities": -68,
        "Profit": 81,
        "Profit before tax": 13,
        "Present corporate income tax expenses": 3,
        "Deferred income taxes expenses": "N/A",
        "The interests of minority shareholders": "N/A",
        "Total Cost of profits": 3,
        "Profit after tax corporate income": 11,
        "Volume": 12853052,
        "Close of Quarter": 7.5,
        "EPS": 392,
        "Non-adjusted EPS": 392,
        "PE": 19.1,
        "Book Price": 12.7
      }
    },
    {
      "quarter": "Q2 2016",
      "income status": {
        "Net sales": 156678,
        "Cost of goods sold": 143951,
        "Gross Profit": 12726,
        "Financial expenses": 2666,
        "Of which: Interest expense": 2666,
        "Cost of sales": 1713,
        "Enterprise cost management": 6834,
        "Total Operating Expenses": 11213,
        "Total revenue financing activities": 42,
        "Net profit from business activities": 1556,
        "Profit": -24,
        "Profit before tax": 1532,
        "Present corporate income tax expenses": 306,
        "Deferred income taxes expenses": "N/A",
        "The interests of minority shareholders": "N/A",
        "Total Cost of profits": 306,
        "Profit after tax corporate income": 1225,
        "Volume": 12853052,
        "Close of Quarter": 8.6,
        "EPS": 564,
        "Non-adjusted EPS": 564,
        "PE": 15.3,
        "Book Price": 12.7
      }
    },
    {
      "quarter": "Q1 2016",
      "income status": {
        "Net sales": 160250,
        "Cost of goods sold": 150004,
        "Gross Profit": 10246,
        "Financial expenses": 1620,
        "Of which: Interest expense": 1620,
        "Cost of sales": 2251,
        "Enterprise cost management": 5336,
        "Total Operating Expenses": 9207,
        "Total revenue financing activities": 17,
        "Net profit from business activities": 1055,
        "Profit": "N/A",
        "Profit before tax": 1055,
        "Present corporate income tax expenses": 211,
        "Deferred income taxes expenses": "N/A",
        "The interests of minority shareholders": "N/A",
        "Total Cost of profits": 211,
        "Profit after tax corporate income": 844,
        "Volume": 12853052,
        "Close of Quarter": 7.4,
        "EPS": -47,
        "Non-adjusted EPS": -47,
        "PE": -158.1,
        "Book Price": 12.6
      }
    },
    {
      "quarter": "Q3 2015",
      "income status": {
        "Net sales": 185478,
        "Cost of goods sold": 164714,
        "Gross Profit": 20763,
        "Financial expenses": 9176,
        "Of which: Interest expense": 9176,
        "Cost of sales": 2336,
        "Enterprise cost management": 6453,
        "Total Operating Expenses": 17965,
        "Total revenue financing activities": 161,
        "Net profit from business activities": 2961,
        "Profit": 2,
        "Profit before tax": 2963,
        "Present corporate income tax expenses": "N/A",
        "Deferred income taxes expenses": "N/A",
        "The interests of minority shareholders": "N/A",
        "Total Cost of profits": 0,
        "Profit after tax corporate income": 2963,
        "Volume": 12853052,
        "Close of Quarter": "N/A",
        "EPS": 595,
        "Non-adjusted EPS": 595,
        "PE": "N/A",
        "Book Price": 13.4
      }
    },
    {
      "quarter": "Q2 2015",
      "income status": {
        "Net sales": 132028,
        "Cost of goods sold": 119617,
        "Gross Profit": 12411,
        "Financial expenses": 665,
        "Of which: Interest expense": 665,
        "Cost of sales": 3021,
        "Enterprise cost management": 6722,
        "Total Operating Expenses": 10408,
        "Total revenue financing activities": 50,
        "Net profit from business activities": 2053,
        "Profit": 161,
        "Profit before tax": 2214,
        "Present corporate income tax expenses": "N/A",
        "Deferred income taxes expenses": "N/A",
        "The interests of minority shareholders": "N/A",
        "Total Cost of profits": 0,
        "Profit after tax corporate income": 2214,
        "Volume": 12853052,
        "Close of Quarter": "N/A",
        "EPS": 724,
        "Non-adjusted EPS": 724,
        "PE": "N/A",
        "Book Price": 13.2
      }
    },
    {
      "quarter": "Q1 2015",
      "income status": {
        "Net sales": 47155,
        "Cost of goods sold": 39525,
        "Gross Profit": 7630,
        "Financial expenses": 5791,
        "Of which: Interest expense": 5791,
        "Cost of sales": 2633,
        "Enterprise cost management": 5852,
        "Total Operating Expenses": 14276,
        "Total revenue financing activities": 12,
        "Net profit from business activities": -6635,
        "Profit": 5,
        "Profit before tax": -6630,
        "Present corporate income tax expenses": "N/A",
        "Deferred income taxes expenses": "N/A",
        "The interests of minority shareholders": "N/A",
        "Total Cost of profits": 0,
        "Profit after tax corporate income": -6630,
        "Volume": 12853052,
        "Close of Quarter": "N/A",
        "EPS": 551,
        "Non-adjusted EPS": 551,
        "PE": "N/A",
        "Book Price": 13.2
      }
    },
    {
      "quarter": "Q3 2014",
      "income status": {
        "Net sales": 320224,
        "Cost of goods sold": 284876,
        "Gross Profit": 35347,
        "Financial expenses": 10955,
        "Of which: Interest expense": 10927,
        "Cost of sales": 3742,
        "Enterprise cost management": 9066,
        "Total Operating Expenses": 23763,
        "Total revenue financing activities": 15,
        "Net profit from business activities": 11598,
        "Profit": 532,
        "Profit before tax": 12131,
        "Present corporate income tax expenses": 3033,
        "Deferred income taxes expenses": "N/A",
        "The interests of minority shareholders": "N/A",
        "Total Cost of profits": 3033,
        "Profit after tax corporate income": 9098,
        "Volume": 12853052,
        "Close of Quarter": "N/A",
        "EPS": 1067,
        "Non-adjusted EPS": 1067,
        "PE": "N/A",
        "Book Price": 13.4
      }
    },
    {
      "quarter": "Q2 2014",
      "income status": {
        "Net sales": 161501,
        "Cost of goods sold": 140065,
        "Gross Profit": 21436,
        "Financial expenses": 5535,
        "Of which: Interest expense": 5535,
        "Cost of sales": 2966,
        "Enterprise cost management": 7064,
        "Total Operating Expenses": 15565,
        "Total revenue financing activities": 50,
        "Net profit from business activities": 5921,
        "Profit": "N/A",
        "Profit before tax": 5921,
        "Present corporate income tax expenses": 1303,
        "Deferred income taxes expenses": "N/A",
        "The interests of minority shareholders": "N/A",
        "Total Cost of profits": 1303,
        "Profit after tax corporate income": 4618,
        "Volume": 12853052,
        "Close of Quarter": "N/A",
        "EPS": 359,
        "Non-adjusted EPS": 359,
        "PE": "N/A",
        "Book Price": "N/A"
      }
    }
  ]
}