{
  "ticker": "TBC",
  "data": [
    {
      "quarter": "Q4 2016",
      "income status": {
        "Net sales": 18805,
        "Cost of goods sold": 22208,
        "Gross Profit": -3403,
        "Financial expenses": "N/A",
        "Of which: Interest expense": "N/A",
        "Cost of sales": "N/A",
        "Enterprise cost management": 10141,
        "Total Operating Expenses": 10141,
        "Total revenue financing activities": 6629,
        "Net profit from business activities": -6914,
        "Profit": "N/A",
        "Profit before tax": -6914,
        "Present corporate income tax expenses": "N/A",
        "Deferred income taxes expenses": "N/A",
        "The interests of minority shareholders": "N/A",
        "Total Cost of profits": 0,
        "Profit after tax corporate income": -6914,
        "Volume": 63500000,
        "Close of Quarter": 24.0,
        "EPS": 1713,
        "Non-adjusted EPS": 1713,
        "PE": 14.0,
        "Book Price": 13.2
      }
    },
    {
      "quarter": "Q3 2016",
      "income status": {
        "Net sales": 83334,
        "Cost of goods sold": 30330,
        "Gross Profit": 53005,
        "Financial expenses": "N/A",
        "Of which: Interest expense": "N/A",
        "Cost of sales": "N/A",
        "Enterprise cost management": 6518,
        "Total Operating Expenses": 6518,
        "Total revenue financing activities": 5625,
        "Net profit from business activities": 52112,
        "Profit": 1825,
        "Profit before tax": 53937,
        "Present corporate income tax expenses": 10787,
        "Deferred income taxes expenses": "N/A",
        "The interests of minority shareholders": "N/A",
        "Total Cost of profits": 10787,
        "Profit after tax corporate income": 43149,
        "Volume": 63500000,
        "Close of Quarter": 22.0,
        "EPS": 2175,
        "Non-adjusted EPS": 2175,
        "PE": 10.1,
        "Book Price": 14.3
      }
    },
    {
      "quarter": "Q2 2016",
      "income status": {
        "Net sales": 76474,
        "Cost of goods sold": 26310,
        "Gross Profit": 50164,
        "Financial expenses": "N/A",
        "Of which: Interest expense": "N/A",
        "Cost of sales": "N/A",
        "Enterprise cost management": 7120,
        "Total Operating Expenses": 7120,
        "Total revenue financing activities": 9986,
        "Net profit from business activities": 53030,
        "Profit": 82,
        "Profit before tax": 53113,
        "Present corporate income tax expenses": 10654,
        "Deferred income taxes expenses": "N/A",
        "The interests of minority shareholders": "N/A",
        "Total Cost of profits": 10654,
        "Profit after tax corporate income": 42459,
        "Volume": 63500000,
        "Close of Quarter": 21.6,
        "EPS": 1619,
        "Non-adjusted EPS": 1619,
        "PE": 13.3,
        "Book Price": 13.6
      }
    },
    {
      "quarter": "Q1 2016",
      "income status": {
        "Net sales": 62467,
        "Cost of goods sold": 20499,
        "Gross Profit": 41968,
        "Financial expenses": "N/A",
        "Of which: Interest expense": "N/A",
        "Cost of sales": "N/A",
        "Enterprise cost management": 5270,
        "Total Operating Expenses": 5270,
        "Total revenue financing activities": 871,
        "Net profit from business activities": 37569,
        "Profit": "N/A",
        "Profit before tax": 37569,
        "Present corporate income tax expenses": 7475,
        "Deferred income taxes expenses": "N/A",
        "The interests of minority shareholders": "N/A",
        "Total Cost of profits": 7475,
        "Profit after tax corporate income": 30094,
        "Volume": 63500000,
        "Close of Quarter": 20.7,
        "EPS": 1724,
        "Non-adjusted EPS": 1724,
        "PE": 12.0,
        "Book Price": 13.7
      }
    },
    {
      "quarter": "Q4 2015",
      "income status": {
        "Net sales": 58721,
        "Cost of goods sold": 28531,
        "Gross Profit": 30190,
        "Financial expenses": -1,
        "Of which: Interest expense": "N/A",
        "Cost of sales": "N/A",
        "Enterprise cost management": 11741,
        "Total Operating Expenses": 11740,
        "Total revenue financing activities": 7972,
        "Net profit from business activities": 26423,
        "Profit": 1918,
        "Profit before tax": 28341,
        "Present corporate income tax expenses": 5951,
        "Deferred income taxes expenses": "N/A",
        "The interests of minority shareholders": "N/A",
        "Total Cost of profits": 5951,
        "Profit after tax corporate income": 22391,
        "Volume": 63500000,
        "Close of Quarter": 23.3,
        "EPS": 1815,
        "Non-adjusted EPS": 1815,
        "PE": 12.8,
        "Book Price": 13.3
      }
    },
    {
      "quarter": "Q3 2015",
      "income status": {
        "Net sales": 32934,
        "Cost of goods sold": 18070,
        "Gross Profit": 14864,
        "Financial expenses": "N/A",
        "Of which: Interest expense": "N/A",
        "Cost of sales": "N/A",
        "Enterprise cost management": 6127,
        "Total Operating Expenses": 6127,
        "Total revenue financing activities": 1099,
        "Net profit from business activities": 9836,
        "Profit": 3,
        "Profit before tax": 9839,
        "Present corporate income tax expenses": 1997,
        "Deferred income taxes expenses": "N/A",
        "The interests of minority shareholders": "N/A",
        "Total Cost of profits": 1997,
        "Profit after tax corporate income": 7842,
        "Volume": 63500000,
        "Close of Quarter": 22.1,
        "EPS": 2014,
        "Non-adjusted EPS": 2014,
        "PE": 11.0,
        "Book Price": 13.9
      }
    },
    {
      "quarter": "Q2 2015",
      "income status": {
        "Net sales": 88153,
        "Cost of goods sold": 29975,
        "Gross Profit": 58178,
        "Financial expenses": "N/A",
        "Of which: Interest expense": "N/A",
        "Cost of sales": "N/A",
        "Enterprise cost management": 6505,
        "Total Operating Expenses": 6505,
        "Total revenue financing activities": 9470,
        "Net profit from business activities": 61143,
        "Profit": 29,
        "Profit before tax": 61172,
        "Present corporate income tax expenses": 12051,
        "Deferred income taxes expenses": "N/A",
        "The interests of minority shareholders": "N/A",
        "Total Cost of profits": 12051,
        "Profit after tax corporate income": 49120,
        "Volume": 63500000,
        "Close of Quarter": 21.4,
        "EPS": 2327,
        "Non-adjusted EPS": 2327,
        "PE": 9.2,
        "Book Price": 13.8
      }
    },
    {
      "quarter": "Q1 2015",
      "income status": {
        "Net sales": 71279,
        "Cost of goods sold": 22209,
        "Gross Profit": 49071,
        "Financial expenses": 1,
        "Of which: Interest expense": "N/A",
        "Cost of sales": "N/A",
        "Enterprise cost management": 5612,
        "Total Operating Expenses": 5613,
        "Total revenue financing activities": 1480,
        "Net profit from business activities": 44937,
        "Profit": 22,
        "Profit before tax": 44959,
        "Present corporate income tax expenses": 9028,
        "Deferred income taxes expenses": "N/A",
        "The interests of minority shareholders": "N/A",
        "Total Cost of profits": 9028,
        "Profit after tax corporate income": 35931,
        "Volume": 63500000,
        "Close of Quarter": 20.5,
        "EPS": 2459,
        "Non-adjusted EPS": 2459,
        "PE": 8.3,
        "Book Price": 15.1
      }
    },
    {
      "quarter": "Q4 2014",
      "income status": {
        "Net sales": 77928,
        "Cost of goods sold": 32262,
        "Gross Profit": 45666,
        "Financial expenses": 3,
        "Of which: Interest expense": "N/A",
        "Cost of sales": "N/A",
        "Enterprise cost management": 9068,
        "Total Operating Expenses": 9071,
        "Total revenue financing activities": 7255,
        "Net profit from business activities": 43850,
        "Profit": 106,
        "Profit before tax": 43956,
        "Present corporate income tax expenses": 8968,
        "Deferred income taxes expenses": "N/A",
        "The interests of minority shareholders": "N/A",
        "Total Cost of profits": 8968,
        "Profit after tax corporate income": 34988,
        "Volume": 63500000,
        "Close of Quarter": 20.9,
        "EPS": 2268,
        "Non-adjusted EPS": 2268,
        "PE": 9.2,
        "Book Price": 14.6
      }
    },
    {
      "quarter": "Q3 2014",
      "income status": {
        "Net sales": 57965,
        "Cost of goods sold": 24254,
        "Gross Profit": 33711,
        "Financial expenses": "N/A",
        "Of which: Interest expense": "N/A",
        "Cost of sales": "N/A",
        "Enterprise cost management": 2752,
        "Total Operating Expenses": 2752,
        "Total revenue financing activities": 4165,
        "Net profit from business activities": 35124,
        "Profit": 28,
        "Profit before tax": 35152,
        "Present corporate income tax expenses": 7407,
        "Deferred income taxes expenses": "N/A",
        "The interests of minority shareholders": "N/A",
        "Total Cost of profits": 7407,
        "Profit after tax corporate income": 27745,
        "Volume": 63500000,
        "Close of Quarter": 18.3,
        "EPS": 2098,
        "Non-adjusted EPS": 2098,
        "PE": 8.7,
        "Book Price": 14.5
      }
    },
    {
      "quarter": "Q2 2014",
      "income status": {
        "Net sales": 112582,
        "Cost of goods sold": 37365,
        "Gross Profit": 75217,
        "Financial expenses": "N/A",
        "Of which: Interest expense": "N/A",
        "Cost of sales": "N/A",
        "Enterprise cost management": 10634,
        "Total Operating Expenses": 10634,
        "Total revenue financing activities": 7338,
        "Net profit from business activities": 71920,
        "Profit": 13,
        "Profit before tax": 71933,
        "Present corporate income tax expenses": 14443,
        "Deferred income taxes expenses": "N/A",
        "The interests of minority shareholders": "N/A",
        "Total Cost of profits": 14443,
        "Profit after tax corporate income": 57489,
        "Volume": 63500000,
        "Close of Quarter": 15.7,
        "EPS": 2586,
        "Non-adjusted EPS": 2586,
        "PE": 6.1,
        "Book Price": 14.1
      }
    },
    {
      "quarter": "Q1 2014",
      "income status": {
        "Net sales": 63438,
        "Cost of goods sold": 32869,
        "Gross Profit": 30569,
        "Financial expenses": 2,
        "Of which: Interest expense": "N/A",
        "Cost of sales": "N/A",
        "Enterprise cost management": 3897,
        "Total Operating Expenses": 3899,
        "Total revenue financing activities": 3238,
        "Net profit from business activities": 29908,
        "Profit": 38,
        "Profit before tax": 29947,
        "Present corporate income tax expenses": 6153,
        "Deferred income taxes expenses": "N/A",
        "The interests of minority shareholders": "N/A",
        "Total Cost of profits": 6153,
        "Profit after tax corporate income": 23794,
        "Volume": 63500000,
        "Close of Quarter": 13.8,
        "EPS": 2474,
        "Non-adjusted EPS": 2474,
        "PE": 5.6,
        "Book Price": 14.7
      }
    },
    {
      "quarter": "Q4 2013",
      "income status": {
        "Net sales": 72189,
        "Cost of goods sold": 41059,
        "Gross Profit": 31129,
        "Financial expenses": 82,
        "Of which: Interest expense": 1,
        "Cost of sales": "N/A",
        "Enterprise cost management": 11476,
        "Total Operating Expenses": 11558,
        "Total revenue financing activities": 8218,
        "Net profit from business activities": 27789,
        "Profit": 332,
        "Profit before tax": 28121,
        "Present corporate income tax expenses": 3897,
        "Deferred income taxes expenses": "N/A",
        "The interests of minority shareholders": "N/A",
        "Total Cost of profits": 3897,
        "Profit after tax corporate income": 24224,
        "Volume": 63500000,
        "Close of Quarter": 12.2,
        "EPS": 2370,
        "Non-adjusted EPS": 2370,
        "PE": 5.2,
        "Book Price": 14.3
      }
    },
    {
      "quarter": "Q3 2013",
      "income status": {
        "Net sales": 95416,
        "Cost of goods sold": 27425,
        "Gross Profit": 67992,
        "Financial expenses": 138,
        "Of which: Interest expense": 138,
        "Cost of sales": "N/A",
        "Enterprise cost management": 4217,
        "Total Operating Expenses": 4355,
        "Total revenue financing activities": 1888,
        "Net profit from business activities": 65525,
        "Profit": 120,
        "Profit before tax": 65646,
        "Present corporate income tax expenses": 6911,
        "Deferred income taxes expenses": "N/A",
        "The interests of minority shareholders": "N/A",
        "Total Cost of profits": 6911,
        "Profit after tax corporate income": 58735,
        "Volume": 63500000,
        "Close of Quarter": 12.0,
        "EPS": 2459,
        "Non-adjusted EPS": 2459,
        "PE": 4.9,
        "Book Price": 13.9
      }
    },
    {
      "quarter": "Q2 2013",
      "income status": {
        "Net sales": 87294,
        "Cost of goods sold": 30627,
        "Gross Profit": 56667,
        "Financial expenses": 173,
        "Of which: Interest expense": 173,
        "Cost of sales": "N/A",
        "Enterprise cost management": 4881,
        "Total Operating Expenses": 5054,
        "Total revenue financing activities": 5155,
        "Net profit from business activities": 56768,
        "Profit": 159,
        "Profit before tax": 56927,
        "Present corporate income tax expenses": 6588,
        "Deferred income taxes expenses": "N/A",
        "The interests of minority shareholders": "N/A",
        "Total Cost of profits": 6588,
        "Profit after tax corporate income": 50339,
        "Volume": 63500000,
        "Close of Quarter": 9.9,
        "EPS": 2464,
        "Non-adjusted EPS": 2464,
        "PE": 4.0,
        "Book Price": 13
      }
    },
    {
      "quarter": "Q1 2013",
      "income status": {
        "Net sales": 44367,
        "Cost of goods sold": 24542,
        "Gross Profit": 19825,
        "Financial expenses": 273,
        "Of which: Interest expense": 273,
        "Cost of sales": "N/A",
        "Enterprise cost management": 3425,
        "Total Operating Expenses": 3698,
        "Total revenue financing activities": 3551,
        "Net profit from business activities": 19678,
        "Profit": -3,
        "Profit before tax": 19675,
        "Present corporate income tax expenses": 2453,
        "Deferred income taxes expenses": "N/A",
        "The interests of minority shareholders": "N/A",
        "Total Cost of profits": 2453,
        "Profit after tax corporate income": 17222,
        "Volume": 63500000,
        "Close of Quarter": 8.5,
        "EPS": 1983,
        "Non-adjusted EPS": 1983,
        "PE": 4.3,
        "Book Price": 14
      }
    },
    {
      "quarter": "Q4 2012",
      "income status": {
        "Net sales": 66792,
        "Cost of goods sold": 32926,
        "Gross Profit": 33865,
        "Financial expenses": 493,
        "Of which: Interest expense": 492,
        "Cost of sales": "N/A",
        "Enterprise cost management": 8952,
        "Total Operating Expenses": 9445,
        "Total revenue financing activities": 4370,
        "Net profit from business activities": 28791,
        "Profit": 2123,
        "Profit before tax": 30914,
        "Present corporate income tax expenses": 1043,
        "Deferred income taxes expenses": "N/A",
        "The interests of minority shareholders": "N/A",
        "Total Cost of profits": 1043,
        "Profit after tax corporate income": 29871,
        "Volume": 63500000,
        "Close of Quarter": 7.7,
        "EPS": 2009,
        "Non-adjusted EPS": 2009,
        "PE": 3.8,
        "Book Price": 13.7
      }
    },
    {
      "quarter": "Q3 2012",
      "income status": {
        "Net sales": 90609,
        "Cost of goods sold": 27646,
        "Gross Profit": 62963,
        "Financial expenses": 483,
        "Of which: Interest expense": 483,
        "Cost of sales": "N/A",
        "Enterprise cost management": 3759,
        "Total Operating Expenses": 4242,
        "Total revenue financing activities": 3648,
        "Net profit from business activities": 62369,
        "Profit": 1696,
        "Profit before tax": 64065,
        "Present corporate income tax expenses": 5002,
        "Deferred income taxes expenses": "N/A",
        "The interests of minority shareholders": "N/A",
        "Total Cost of profits": 5002,
        "Profit after tax corporate income": 59063,
        "Volume": 63500000,
        "Close of Quarter": 7.5,
        "EPS": 1595,
        "Non-adjusted EPS": 1595,
        "PE": 4.7,
        "Book Price": 13.3
      }
    },
    {
      "quarter": "Q2 2012",
      "income status": {
        "Net sales": 54290,
        "Cost of goods sold": 31636,
        "Gross Profit": 22654,
        "Financial expenses": 671,
        "Of which: Interest expense": 671,
        "Cost of sales": "N/A",
        "Enterprise cost management": 4127,
        "Total Operating Expenses": 4798,
        "Total revenue financing activities": 4744,
        "Net profit from business activities": 22600,
        "Profit": 131,
        "Profit before tax": 22730,
        "Present corporate income tax expenses": 2951,
        "Deferred income taxes expenses": "N/A",
        "The interests of minority shareholders": "N/A",
        "Total Cost of profits": 2951,
        "Profit after tax corporate income": 19779,
        "Volume": 63500000,
        "Close of Quarter": 7.5,
        "EPS": 796,
        "Non-adjusted EPS": 796,
        "PE": 9.5,
        "Book Price": 12.3
      }
    },
    {
      "quarter": "Q1 2012",
      "income status": {
        "Net sales": 43106,
        "Cost of goods sold": 19796,
        "Gross Profit": 23310,
        "Financial expenses": 674,
        "Of which: Interest expense": 674,
        "Cost of sales": "N/A",
        "Enterprise cost management": 2759,
        "Total Operating Expenses": 3433,
        "Total revenue financing activities": 1270,
        "Net profit from business activities": 21148,
        "Profit": 7,
        "Profit before tax": 21155,
        "Present corporate income tax expenses": 2295,
        "Deferred income taxes expenses": "N/A",
        "The interests of minority shareholders": "N/A",
        "Total Cost of profits": 2295,
        "Profit after tax corporate income": 18860,
        "Volume": 63500000,
        "Close of Quarter": 6.5,
        "EPS": 639,
        "Non-adjusted EPS": 639,
        "PE": 10.2,
        "Book Price": 13
      }
    },
    {
      "quarter": "Q4 2011",
      "income status": {
        "Net sales": 42824,
        "Cost of goods sold": 32407,
        "Gross Profit": 10417,
        "Financial expenses": 1504,
        "Of which: Interest expense": 1504,
        "Cost of sales": "N/A",
        "Enterprise cost management": 7720,
        "Total Operating Expenses": 9224,
        "Total revenue financing activities": 2762,
        "Net profit from business activities": 3956,
        "Profit": -10,
        "Profit before tax": 3946,
        "Present corporate income tax expenses": 395,
        "Deferred income taxes expenses": "N/A",
        "The interests of minority shareholders": "N/A",
        "Total Cost of profits": 395,
        "Profit after tax corporate income": 3551,
        "Volume": 63500000,
        "Close of Quarter": 6.0,
        "EPS": 442,
        "Non-adjusted EPS": 442,
        "PE": 13.5,
        "Book Price": 12
      }
    },
    {
      "quarter": "Q3 2011",
      "income status": {
        "Net sales": 28056,
        "Cost of goods sold": 15941,
        "Gross Profit": 12115,
        "Financial expenses": 803,
        "Of which: Interest expense": 803,
        "Cost of sales": "N/A",
        "Enterprise cost management": 3808,
        "Total Operating Expenses": 4611,
        "Total revenue financing activities": 2098,
        "Net profit from business activities": 9602,
        "Profit": 19,
        "Profit before tax": 9622,
        "Present corporate income tax expenses": 1247,
        "Deferred income taxes expenses": "N/A",
        "The interests of minority shareholders": "N/A",
        "Total Cost of profits": 1247,
        "Profit after tax corporate income": 8375,
        "Volume": 63500000,
        "Close of Quarter": 6.7,
        "EPS": 587,
        "Non-adjusted EPS": 587,
        "PE": 11.4,
        "Book Price": 11.9
      }
    },
    {
      "quarter": "Q2 2011",
      "income status": {
        "Net sales": 32052,
        "Cost of goods sold": 19896,
        "Gross Profit": 12157,
        "Financial expenses": "N/A",
        "Of which: Interest expense": "N/A",
        "Cost of sales": "N/A",
        "Enterprise cost management": 3593,
        "Total Operating Expenses": 3593,
        "Total revenue financing activities": 2802,
        "Net profit from business activities": 11366,
        "Profit": 15,
        "Profit before tax": 11381,
        "Present corporate income tax expenses": 1620,
        "Deferred income taxes expenses": "N/A",
        "The interests of minority shareholders": "N/A",
        "Total Cost of profits": 1620,
        "Profit after tax corporate income": 9761,
        "Volume": 63500000,
        "Close of Quarter": 6.4,
        "EPS": 857,
        "Non-adjusted EPS": 857,
        "PE": 7.5,
        "Book Price": 12.5
      }
    },
    {
      "quarter": "Q1 2011",
      "income status": {
        "Net sales": 19517,
        "Cost of goods sold": 14993,
        "Gross Profit": 4525,
        "Financial expenses": "N/A",
        "Of which: Interest expense": "N/A",
        "Cost of sales": "N/A",
        "Enterprise cost management": 2825,
        "Total Operating Expenses": 2825,
        "Total revenue financing activities": 5421,
        "Net profit from business activities": 7121,
        "Profit": 4,
        "Profit before tax": 7126,
        "Present corporate income tax expenses": 719,
        "Deferred income taxes expenses": "N/A",
        "The interests of minority shareholders": "N/A",
        "Total Cost of profits": 719,
        "Profit after tax corporate income": 6406,
        "Volume": 63500000,
        "Close of Quarter": 6.9,
        "EPS": 716,
        "Non-adjusted EPS": 716,
        "PE": 9.6,
        "Book Price": 12.1
      }
    }
  ]
}