{
  "ticker": "DXP",
  "data": [
    {
      "quarter": "Q4 2016",
      "income status": {
        "Net sales": 16085,
        "Cost of goods sold": 9594,
        "Gross Profit": 6490,
        "Financial expenses": 17,
        "Of which: Interest expense": "N/A",
        "Cost of sales": "N/A",
        "Enterprise cost management": 4017,
        "Total Operating Expenses": 4034,
        "Total revenue financing activities": 6206,
        "Net profit from business activities": 8662,
        "Profit": "N/A",
        "Profit before tax": 8662,
        "Present corporate income tax expenses": 1230,
        "Deferred income taxes expenses": "N/A",
        "The interests of minority shareholders": "N/A",
        "Total Cost of profits": 1230,
        "Profit after tax corporate income": 7432,
        "Volume": 23624656,
        "Close of Quarter": 18.8,
        "EPS": 1670,
        "Non-adjusted EPS": 1670,
        "PE": 11.3,
        "Book Price": 13.2
      }
    },
    {
      "quarter": "Q3 2016",
      "income status": {
        "Net sales": 21827,
        "Cost of goods sold": 12199,
        "Gross Profit": 9628,
        "Financial expenses": 2,
        "Of which: Interest expense": 2,
        "Cost of sales": "N/A",
        "Enterprise cost management": 3481,
        "Total Operating Expenses": 3483,
        "Total revenue financing activities": 3408,
        "Net profit from business activities": 9552,
        "Profit": -1020,
        "Profit before tax": 8533,
        "Present corporate income tax expenses": 1911,
        "Deferred income taxes expenses": "N/A",
        "The interests of minority shareholders": "N/A",
        "Total Cost of profits": 1911,
        "Profit after tax corporate income": 6622,
        "Volume": 23624656,
        "Close of Quarter": 19.5,
        "EPS": 2390,
        "Non-adjusted EPS": 2390,
        "PE": 8.2,
        "Book Price": 12.8
      }
    },
    {
      "quarter": "Q2 2016",
      "income status": {
        "Net sales": 28141,
        "Cost of goods sold": 21318,
        "Gross Profit": 6823,
        "Financial expenses": 6,
        "Of which: Interest expense": "N/A",
        "Cost of sales": "N/A",
        "Enterprise cost management": 3364,
        "Total Operating Expenses": 3370,
        "Total revenue financing activities": 10059,
        "Net profit from business activities": 13513,
        "Profit": -9,
        "Profit before tax": 13503,
        "Present corporate income tax expenses": 1280,
        "Deferred income taxes expenses": "N/A",
        "The interests of minority shareholders": "N/A",
        "Total Cost of profits": 1280,
        "Profit after tax corporate income": 12223,
        "Volume": 7874972,
        "Close of Quarter": 21.3,
        "EPS": 3041.4,
        "Non-adjusted EPS": 9124,
        "PE": 2.3,
        "Book Price": 12.6
      }
    },
    {
      "quarter": "Q1 2016",
      "income status": {
        "Net sales": 40378,
        "Cost of goods sold": 22565,
        "Gross Profit": 17813,
        "Financial expenses": "N/A",
        "Of which: Interest expense": "N/A",
        "Cost of sales": "N/A",
        "Enterprise cost management": 4160,
        "Total Operating Expenses": 4160,
        "Total revenue financing activities": 2821,
        "Net profit from business activities": 16474,
        "Profit": 2,
        "Profit before tax": 16477,
        "Present corporate income tax expenses": 3295,
        "Deferred income taxes expenses": "N/A",
        "The interests of minority shareholders": "N/A",
        "Total Cost of profits": 3295,
        "Profit after tax corporate income": 13181,
        "Volume": 7874972,
        "Close of Quarter": 21.5,
        "EPS": 3013.0,
        "Non-adjusted EPS": 9039,
        "PE": 2.4,
        "Book Price": 12.0
      }
    },
    {
      "quarter": "Q4 2015",
      "income status": {
        "Net sales": 52881,
        "Cost of goods sold": 23464,
        "Gross Profit": 29417,
        "Financial expenses": "N/A",
        "Of which: Interest expense": "N/A",
        "Cost of sales": "N/A",
        "Enterprise cost management": 5017,
        "Total Operating Expenses": 5017,
        "Total revenue financing activities": 6404,
        "Net profit from business activities": 30804,
        "Profit": 27,
        "Profit before tax": 30831,
        "Present corporate income tax expenses": 6405,
        "Deferred income taxes expenses": "N/A",
        "The interests of minority shareholders": "N/A",
        "Total Cost of profits": 6405,
        "Profit after tax corporate income": 24426,
        "Volume": 7874972,
        "Close of Quarter": 17.4,
        "EPS": 2988.0,
        "Non-adjusted EPS": 8964,
        "PE": 1.9,
        "Book Price": 11.6
      }
    },
    {
      "quarter": "Q3 2015",
      "income status": {
        "Net sales": 64973,
        "Cost of goods sold": 35505,
        "Gross Profit": 29468,
        "Financial expenses": "N/A",
        "Of which: Interest expense": "N/A",
        "Cost of sales": "N/A",
        "Enterprise cost management": 4227,
        "Total Operating Expenses": 4227,
        "Total revenue financing activities": 436,
        "Net profit from business activities": 25677,
        "Profit": 2556,
        "Profit before tax": 28233,
        "Present corporate income tax expenses": 6211,
        "Deferred income taxes expenses": "N/A",
        "The interests of minority shareholders": "N/A",
        "Total Cost of profits": 6211,
        "Profit after tax corporate income": 22022,
        "Volume": 7874972,
        "Close of Quarter": 15.2,
        "EPS": 2444.7,
        "Non-adjusted EPS": 7334,
        "PE": 2.1,
        "Book Price": 10.6
      }
    },
    {
      "quarter": "Q2 2015",
      "income status": {
        "Net sales": 47930,
        "Cost of goods sold": 32780,
        "Gross Profit": 15151,
        "Financial expenses": "N/A",
        "Of which: Interest expense": "N/A",
        "Cost of sales": "N/A",
        "Enterprise cost management": 5496,
        "Total Operating Expenses": 5496,
        "Total revenue financing activities": 4446,
        "Net profit from business activities": 14100,
        "Profit": 15,
        "Profit before tax": 14115,
        "Present corporate income tax expenses": 2560,
        "Deferred income taxes expenses": "N/A",
        "The interests of minority shareholders": "N/A",
        "Total Cost of profits": 2560,
        "Profit after tax corporate income": 11556,
        "Volume": 7874972,
        "Close of Quarter": 15.5,
        "EPS": 1811.0,
        "Non-adjusted EPS": 5433,
        "PE": 2.9,
        "Book Price": 9.7
      }
    },
    {
      "quarter": "Q1 2015",
      "income status": {
        "Net sales": 46461,
        "Cost of goods sold": 28728,
        "Gross Profit": 17733,
        "Financial expenses": "N/A",
        "Of which: Interest expense": "N/A",
        "Cost of sales": "N/A",
        "Enterprise cost management": 3521,
        "Total Operating Expenses": 3521,
        "Total revenue financing activities": 1909,
        "Net profit from business activities": 16121,
        "Profit": 17,
        "Profit before tax": 16138,
        "Present corporate income tax expenses": 3550,
        "Deferred income taxes expenses": "N/A",
        "The interests of minority shareholders": "N/A",
        "Total Cost of profits": 3550,
        "Profit after tax corporate income": 12587,
        "Volume": 7874972,
        "Close of Quarter": 12.6,
        "EPS": 1889.0,
        "Non-adjusted EPS": 5667,
        "PE": 2.2,
        "Book Price": 10.7
      }
    },
    {
      "quarter": "Q4 2014",
      "income status": {
        "Net sales": 37537,
        "Cost of goods sold": 23744,
        "Gross Profit": 13792,
        "Financial expenses": "N/A",
        "Of which: Interest expense": "N/A",
        "Cost of sales": "N/A",
        "Enterprise cost management": 2873,
        "Total Operating Expenses": 2873,
        "Total revenue financing activities": 3536,
        "Net profit from business activities": 14455,
        "Profit": -19,
        "Profit before tax": 14436,
        "Present corporate income tax expenses": 2849,
        "Deferred income taxes expenses": "N/A",
        "The interests of minority shareholders": "N/A",
        "Total Cost of profits": 2849,
        "Profit after tax corporate income": 11587,
        "Volume": 7874972,
        "Close of Quarter": 13.0,
        "EPS": 1690.4,
        "Non-adjusted EPS": 5071,
        "PE": 2.6,
        "Book Price": 10.2
      }
    },
    {
      "quarter": "Q3 2014",
      "income status": {
        "Net sales": 36310,
        "Cost of goods sold": 25974,
        "Gross Profit": 10336,
        "Financial expenses": "N/A",
        "Of which: Interest expense": "N/A",
        "Cost of sales": "N/A",
        "Enterprise cost management": 3079,
        "Total Operating Expenses": 3079,
        "Total revenue financing activities": 1736,
        "Net profit from business activities": 8993,
        "Profit": 52,
        "Profit before tax": 9045,
        "Present corporate income tax expenses": 1990,
        "Deferred income taxes expenses": "N/A",
        "The interests of minority shareholders": "N/A",
        "Total Cost of profits": 1990,
        "Profit after tax corporate income": 7055,
        "Volume": 7874972,
        "Close of Quarter": 13.1,
        "EPS": 1766.4,
        "Non-adjusted EPS": 5299,
        "PE": 2.5,
        "Book Price": 9.7
      }
    },
    {
      "quarter": "Q2 2014",
      "income status": {
        "Net sales": 50768,
        "Cost of goods sold": 33632,
        "Gross Profit": 17136,
        "Financial expenses": "N/A",
        "Of which: Interest expense": "N/A",
        "Cost of sales": "N/A",
        "Enterprise cost management": 4396,
        "Total Operating Expenses": 4396,
        "Total revenue financing activities": 3840,
        "Net profit from business activities": 16579,
        "Profit": -99,
        "Profit before tax": 16480,
        "Present corporate income tax expenses": 3081,
        "Deferred income taxes expenses": "N/A",
        "The interests of minority shareholders": "N/A",
        "Total Cost of profits": 3081,
        "Profit after tax corporate income": 13399,
        "Volume": 7874972,
        "Close of Quarter": 11.2,
        "EPS": 2097.7,
        "Non-adjusted EPS": 6293,
        "PE": 1.8,
        "Book Price": 9.4
      }
    },
    {
      "quarter": "Q1 2014",
      "income status": {
        "Net sales": 34923,
        "Cost of goods sold": 24174,
        "Gross Profit": 10750,
        "Financial expenses": "N/A",
        "Of which: Interest expense": "N/A",
        "Cost of sales": "N/A",
        "Enterprise cost management": 2943,
        "Total Operating Expenses": 2943,
        "Total revenue financing activities": 2309,
        "Net profit from business activities": 10116,
        "Profit": 5,
        "Profit before tax": 10121,
        "Present corporate income tax expenses": 2227,
        "Deferred income taxes expenses": "N/A",
        "The interests of minority shareholders": "N/A",
        "Total Cost of profits": 2227,
        "Profit after tax corporate income": 7895,
        "Volume": 7874972,
        "Close of Quarter": 13.5,
        "EPS": 2094.7,
        "Non-adjusted EPS": 6284,
        "PE": 2.2,
        "Book Price": 8.8
      }
    },
    {
      "quarter": "Q4 2013",
      "income status": {
        "Net sales": 42561,
        "Cost of goods sold": 24959,
        "Gross Profit": 17602,
        "Financial expenses": "N/A",
        "Of which: Interest expense": "N/A",
        "Cost of sales": "N/A",
        "Enterprise cost management": 1135,
        "Total Operating Expenses": 1135,
        "Total revenue financing activities": 1539,
        "Net profit from business activities": 18006,
        "Profit": -53,
        "Profit before tax": 17953,
        "Present corporate income tax expenses": 4573,
        "Deferred income taxes expenses": "N/A",
        "The interests of minority shareholders": "N/A",
        "Total Cost of profits": 4573,
        "Profit after tax corporate income": 13380,
        "Volume": 7874972,
        "Close of Quarter": 12.7,
        "EPS": 2291.4,
        "Non-adjusted EPS": 6874,
        "PE": 1.9,
        "Book Price": 9.8
      }
    },
    {
      "quarter": "Q3 2013",
      "income status": {
        "Net sales": 51155,
        "Cost of goods sold": 29039,
        "Gross Profit": 22116,
        "Financial expenses": "N/A",
        "Of which: Interest expense": "N/A",
        "Cost of sales": "N/A",
        "Enterprise cost management": 4289,
        "Total Operating Expenses": 4289,
        "Total revenue financing activities": 1200,
        "Net profit from business activities": 19027,
        "Profit": 816,
        "Profit before tax": 19843,
        "Present corporate income tax expenses": 4961,
        "Deferred income taxes expenses": "N/A",
        "The interests of minority shareholders": "N/A",
        "Total Cost of profits": 4961,
        "Profit after tax corporate income": 14882,
        "Volume": 7874972,
        "Close of Quarter": 12.6,
        "EPS": 2664.7,
        "Non-adjusted EPS": 7994,
        "PE": 1.6,
        "Book Price": 9.2
      }
    },
    {
      "quarter": "Q2 2013",
      "income status": {
        "Net sales": 50357,
        "Cost of goods sold": 29250,
        "Gross Profit": 21106,
        "Financial expenses": "N/A",
        "Of which: Interest expense": "N/A",
        "Cost of sales": "N/A",
        "Enterprise cost management": 5393,
        "Total Operating Expenses": 5393,
        "Total revenue financing activities": 1898,
        "Net profit from business activities": 17612,
        "Profit": 12,
        "Profit before tax": 17623,
        "Present corporate income tax expenses": 4298,
        "Deferred income taxes expenses": "N/A",
        "The interests of minority shareholders": "N/A",
        "Total Cost of profits": 4298,
        "Profit after tax corporate income": 13326,
        "Volume": 7874972,
        "Close of Quarter": 13.3,
        "EPS": 2776.7,
        "Non-adjusted EPS": 8330,
        "PE": 1.6,
        "Book Price": 8.6
      }
    },
    {
      "quarter": "Q1 2013",
      "income status": {
        "Net sales": 46041,
        "Cost of goods sold": 28281,
        "Gross Profit": 17760,
        "Financial expenses": "N/A",
        "Of which: Interest expense": "N/A",
        "Cost of sales": "N/A",
        "Enterprise cost management": 5489,
        "Total Operating Expenses": 5489,
        "Total revenue financing activities": 3728,
        "Net profit from business activities": 16000,
        "Profit": 32,
        "Profit before tax": 16032,
        "Present corporate income tax expenses": 3485,
        "Deferred income taxes expenses": "N/A",
        "The interests of minority shareholders": "N/A",
        "Total Cost of profits": 3485,
        "Profit after tax corporate income": 12547,
        "Volume": 7874972,
        "Close of Quarter": 11.9,
        "EPS": 3325.7,
        "Non-adjusted EPS": 9977,
        "PE": 1.2,
        "Book Price": 10.0
      }
    },
    {
      "quarter": "Q4 2012",
      "income status": {
        "Net sales": 62777,
        "Cost of goods sold": 30993,
        "Gross Profit": 31784,
        "Financial expenses": "N/A",
        "Of which: Interest expense": "N/A",
        "Cost of sales": "N/A",
        "Enterprise cost management": 5867,
        "Total Operating Expenses": 5867,
        "Total revenue financing activities": 3043,
        "Net profit from business activities": 28959,
        "Profit": 231,
        "Profit before tax": 29191,
        "Present corporate income tax expenses": 6990,
        "Deferred income taxes expenses": "N/A",
        "The interests of minority shareholders": "N/A",
        "Total Cost of profits": 6990,
        "Profit after tax corporate income": 22201,
        "Volume": 7874972,
        "Close of Quarter": 8.4,
        "EPS": 3318.7,
        "Non-adjusted EPS": 9956,
        "PE": 0.9,
        "Book Price": 9.4
      }
    },
    {
      "quarter": "Q3 2012",
      "income status": {
        "Net sales": 63964,
        "Cost of goods sold": 35890,
        "Gross Profit": 28074,
        "Financial expenses": 24,
        "Of which: Interest expense": "N/A",
        "Cost of sales": "N/A",
        "Enterprise cost management": 6253,
        "Total Operating Expenses": 6277,
        "Total revenue financing activities": 1707,
        "Net profit from business activities": 23504,
        "Profit": 28,
        "Profit before tax": 23532,
        "Present corporate income tax expenses": 6004,
        "Deferred income taxes expenses": "N/A",
        "The interests of minority shareholders": "N/A",
        "Total Cost of profits": 6004,
        "Profit after tax corporate income": 17528,
        "Volume": 7874972,
        "Close of Quarter": 6.2,
        "EPS": 2918.4,
        "Non-adjusted EPS": 8755,
        "PE": 0.7,
        "Book Price": 9.2
      }
    },
    {
      "quarter": "Q2 2012",
      "income status": {
        "Net sales": 73199,
        "Cost of goods sold": 39552,
        "Gross Profit": 33647,
        "Financial expenses": 46,
        "Of which: Interest expense": "N/A",
        "Cost of sales": "N/A",
        "Enterprise cost management": 5047,
        "Total Operating Expenses": 5093,
        "Total revenue financing activities": 5433,
        "Net profit from business activities": 33986,
        "Profit": 35,
        "Profit before tax": 34022,
        "Present corporate income tax expenses": 7726,
        "Deferred income taxes expenses": "N/A",
        "The interests of minority shareholders": "N/A",
        "Total Cost of profits": 7726,
        "Profit after tax corporate income": 26296,
        "Volume": 7874972,
        "Close of Quarter": 5.7,
        "EPS": 2790.7,
        "Non-adjusted EPS": 8372,
        "PE": 0.7,
        "Book Price": 8.4
      }
    },
    {
      "quarter": "Q1 2012",
      "income status": {
        "Net sales": 49407,
        "Cost of goods sold": 29492,
        "Gross Profit": 19916,
        "Financial expenses": 1,
        "Of which: Interest expense": "N/A",
        "Cost of sales": "N/A",
        "Enterprise cost management": 4718,
        "Total Operating Expenses": 4719,
        "Total revenue financing activities": 1251,
        "Net profit from business activities": 16448,
        "Profit": 62,
        "Profit before tax": 16509,
        "Present corporate income tax expenses": 4127,
        "Deferred income taxes expenses": "N/A",
        "The interests of minority shareholders": "N/A",
        "Total Cost of profits": 4127,
        "Profit after tax corporate income": 12382,
        "Volume": 7874972,
        "Close of Quarter": 5.6,
        "EPS": 2190.0,
        "Non-adjusted EPS": 6570,
        "PE": 0.9,
        "Book Price": 7.3
      }
    },
    {
      "quarter": "Q4 2011",
      "income status": {
        "Net sales": 56446,
        "Cost of goods sold": 39018,
        "Gross Profit": 17427,
        "Financial expenses": 12,
        "Of which: Interest expense": "N/A",
        "Cost of sales": "N/A",
        "Enterprise cost management": 3923,
        "Total Operating Expenses": 3935,
        "Total revenue financing activities": 2509,
        "Net profit from business activities": 16001,
        "Profit": 33,
        "Profit before tax": 16035,
        "Present corporate income tax expenses": 3295,
        "Deferred income taxes expenses": "N/A",
        "The interests of minority shareholders": "N/A",
        "Total Cost of profits": 3295,
        "Profit after tax corporate income": 12740,
        "Volume": 7874972,
        "Close of Quarter": 5.1,
        "EPS": 2075.7,
        "Non-adjusted EPS": 6227,
        "PE": 0.8,
        "Book Price": 8.0
      }
    },
    {
      "quarter": "Q3 2011",
      "income status": {
        "Net sales": 47955,
        "Cost of goods sold": 27873,
        "Gross Profit": 20082,
        "Financial expenses": 13,
        "Of which: Interest expense": "N/A",
        "Cost of sales": "N/A",
        "Enterprise cost management": 3504,
        "Total Operating Expenses": 3517,
        "Total revenue financing activities": 1112,
        "Net profit from business activities": 17677,
        "Profit": 461,
        "Profit before tax": 18138,
        "Present corporate income tax expenses": 3628,
        "Deferred income taxes expenses": "N/A",
        "The interests of minority shareholders": "N/A",
        "Total Cost of profits": 3628,
        "Profit after tax corporate income": 14511,
        "Volume": 7874972,
        "Close of Quarter": 6.0,
        "EPS": 2391.0,
        "Non-adjusted EPS": 7173,
        "PE": 0.8,
        "Book Price": 7.5
      }
    },
    {
      "quarter": "Q2 2011",
      "income status": {
        "Net sales": 40508,
        "Cost of goods sold": 25975,
        "Gross Profit": 14533,
        "Financial expenses": 58,
        "Of which: Interest expense": "N/A",
        "Cost of sales": "N/A",
        "Enterprise cost management": 3003,
        "Total Operating Expenses": 3061,
        "Total revenue financing activities": 3276,
        "Net profit from business activities": 14749,
        "Profit": 19,
        "Profit before tax": 14767,
        "Present corporate income tax expenses": 2664,
        "Deferred income taxes expenses": "N/A",
        "The interests of minority shareholders": "N/A",
        "Total Cost of profits": 2664,
        "Profit after tax corporate income": 12103,
        "Volume": 5250000,
        "Close of Quarter": 6.6,
        "EPS": 2760.5,
        "Non-adjusted EPS": 12422,
        "PE": 0.5,
        "Book Price": 6.9
      }
    },
    {
      "quarter": "Q1 2011",
      "income status": {
        "Net sales": 34900,
        "Cost of goods sold": 21528,
        "Gross Profit": 13372,
        "Financial expenses": 358,
        "Of which: Interest expense": "N/A",
        "Cost of sales": "N/A",
        "Enterprise cost management": 2869,
        "Total Operating Expenses": 3227,
        "Total revenue financing activities": 1895,
        "Net profit from business activities": 12040,
        "Profit": 65,
        "Profit before tax": 12105,
        "Present corporate income tax expenses": 2421,
        "Deferred income taxes expenses": "N/A",
        "The interests of minority shareholders": "N/A",
        "Total Cost of profits": 2421,
        "Profit after tax corporate income": 9684,
        "Volume": 5250000,
        "Close of Quarter": 7.1,
        "EPS": 2952.3,
        "Non-adjusted EPS": 13285,
        "PE": 0.5,
        "Book Price": 6.4
      }
    }
  ]
}