{
  "ticker": "PDN",
  "data": [
    {
      "quarter": "Q4 2016",
      "income status": {
        "Net sales": 126191,
        "Cost of goods sold": 90065,
        "Gross Profit": 36125,
        "Financial expenses": 4756,
        "Of which: Interest expense": 4756,
        "Cost of sales": 4673,
        "Enterprise cost management": 11687,
        "Total Operating Expenses": 21116,
        "Total revenue financing activities": 325,
        "Net profit from business activities": 15334,
        "Profit": 150,
        "Profit before tax": 15485,
        "Present corporate income tax expenses": 929,
        "Deferred income taxes expenses": "N/A",
        "The interests of minority shareholders": "N/A",
        "Total Cost of profits": 929,
        "Profit after tax corporate income": 14556,
        "Volume": 12347987,
        "Close of Quarter": 56.2,
        "EPS": 5344,
        "Non-adjusted EPS": 5344,
        "PE": 10.5,
        "Book Price": 30.2
      }
    },
    {
      "quarter": "Q3 2016",
      "income status": {
        "Net sales": 109310,
        "Cost of goods sold": 71768,
        "Gross Profit": 37542,
        "Financial expenses": 4968,
        "Of which: Interest expense": 4795,
        "Cost of sales": 2573,
        "Enterprise cost management": 10641,
        "Total Operating Expenses": 18182,
        "Total revenue financing activities": 1654,
        "Net profit from business activities": 21015,
        "Profit": 631,
        "Profit before tax": 21646,
        "Present corporate income tax expenses": 1020,
        "Deferred income taxes expenses": "N/A",
        "The interests of minority shareholders": "N/A",
        "Total Cost of profits": 1020,
        "Profit after tax corporate income": 20626,
        "Volume": 12347987,
        "Close of Quarter": 54.8,
        "EPS": 4924,
        "Non-adjusted EPS": 4924,
        "PE": 11.1,
        "Book Price": 29.4
      }
    },
    {
      "quarter": "Q2 2016",
      "income status": {
        "Net sales": 99990,
        "Cost of goods sold": 67997,
        "Gross Profit": 31993,
        "Financial expenses": 5003,
        "Of which: Interest expense": 5003,
        "Cost of sales": 2522,
        "Enterprise cost management": 7986,
        "Total Operating Expenses": 15511,
        "Total revenue financing activities": 968,
        "Net profit from business activities": 17450,
        "Profit": 304,
        "Profit before tax": 17754,
        "Present corporate income tax expenses": 932,
        "Deferred income taxes expenses": "N/A",
        "The interests of minority shareholders": "N/A",
        "Total Cost of profits": 932,
        "Profit after tax corporate income": 16822,
        "Volume": 12347987,
        "Close of Quarter": 45.0,
        "EPS": 4505,
        "Non-adjusted EPS": 4505,
        "PE": 10,
        "Book Price": 27.7
      }
    },
    {
      "quarter": "Q1 2016",
      "income status": {
        "Net sales": 86427,
        "Cost of goods sold": 57858,
        "Gross Profit": 28569,
        "Financial expenses": 5020,
        "Of which: Interest expense": 4931,
        "Cost of sales": 2571,
        "Enterprise cost management": 7180,
        "Total Operating Expenses": 14771,
        "Total revenue financing activities": 962,
        "Net profit from business activities": 14759,
        "Profit": -23,
        "Profit before tax": 14736,
        "Present corporate income tax expenses": 752,
        "Deferred income taxes expenses": "N/A",
        "The interests of minority shareholders": "N/A",
        "Total Cost of profits": 752,
        "Profit after tax corporate income": 13983,
        "Volume": 12347987,
        "Close of Quarter": 38.6,
        "EPS": 4227,
        "Non-adjusted EPS": 4227,
        "PE": 9.1,
        "Book Price": 26.4
      }
    },
    {
      "quarter": "Q4 2015",
      "income status": {
        "Net sales": 92840,
        "Cost of goods sold": 67331,
        "Gross Profit": 25510,
        "Financial expenses": 4074,
        "Of which: Interest expense": 4045,
        "Cost of sales": 3824,
        "Enterprise cost management": 9518,
        "Total Operating Expenses": 17416,
        "Total revenue financing activities": 868,
        "Net profit from business activities": 8961,
        "Profit": 1326,
        "Profit before tax": 10287,
        "Present corporate income tax expenses": 915,
        "Deferred income taxes expenses": "N/A",
        "The interests of minority shareholders": "N/A",
        "Total Cost of profits": 915,
        "Profit after tax corporate income": 9372,
        "Volume": 12347987,
        "Close of Quarter": 34.8,
        "EPS": 4128,
        "Non-adjusted EPS": 4128,
        "PE": 8.4,
        "Book Price": 27.1
      }
    },
    {
      "quarter": "Q3 2015",
      "income status": {
        "Net sales": 74977,
        "Cost of goods sold": 46905,
        "Gross Profit": 28071,
        "Financial expenses": 1844,
        "Of which: Interest expense": 1844,
        "Cost of sales": 3238,
        "Enterprise cost management": 8007,
        "Total Operating Expenses": 13089,
        "Total revenue financing activities": 1203,
        "Net profit from business activities": 16185,
        "Profit": -4,
        "Profit before tax": 16182,
        "Present corporate income tax expenses": 727,
        "Deferred income taxes expenses": "N/A",
        "The interests of minority shareholders": "N/A",
        "Total Cost of profits": 727,
        "Profit after tax corporate income": 15454,
        "Volume": 12347987,
        "Close of Quarter": 33.9,
        "EPS": 4001,
        "Non-adjusted EPS": 4001,
        "PE": 8.5,
        "Book Price": 26.5
      }
    },
    {
      "quarter": "Q2 2015",
      "income status": {
        "Net sales": 81075,
        "Cost of goods sold": 52078,
        "Gross Profit": 28998,
        "Financial expenses": 2093,
        "Of which: Interest expense": 2093,
        "Cost of sales": 3049,
        "Enterprise cost management": 10376,
        "Total Operating Expenses": 15518,
        "Total revenue financing activities": 646,
        "Net profit from business activities": 14126,
        "Profit": -49,
        "Profit before tax": 14077,
        "Present corporate income tax expenses": 695,
        "Deferred income taxes expenses": "N/A",
        "The interests of minority shareholders": "N/A",
        "Total Cost of profits": 695,
        "Profit after tax corporate income": 13381,
        "Volume": 12347987,
        "Close of Quarter": 34.8,
        "EPS": 3885,
        "Non-adjusted EPS": 3885,
        "PE": 9.0,
        "Book Price": 25.2
      }
    },
    {
      "quarter": "Q1 2015",
      "income status": {
        "Net sales": 73533,
        "Cost of goods sold": 48158,
        "Gross Profit": 25376,
        "Financial expenses": 1591,
        "Of which: Interest expense": 1591,
        "Cost of sales": 3022,
        "Enterprise cost management": 8047,
        "Total Operating Expenses": 12660,
        "Total revenue financing activities": 735,
        "Net profit from business activities": 13451,
        "Profit": 13,
        "Profit before tax": 13464,
        "Present corporate income tax expenses": 694,
        "Deferred income taxes expenses": "N/A",
        "The interests of minority shareholders": "N/A",
        "Total Cost of profits": 694,
        "Profit after tax corporate income": 12770,
        "Volume": 12347987,
        "Close of Quarter": 33.0,
        "EPS": 3966,
        "Non-adjusted EPS": 3966,
        "PE": 8.3,
        "Book Price": 24.3
      }
    },
    {
      "quarter": "Q4 2014",
      "income status": {
        "Net sales": 76284,
        "Cost of goods sold": 50075,
        "Gross Profit": 26209,
        "Financial expenses": 1698,
        "Of which: Interest expense": 1698,
        "Cost of sales": 3986,
        "Enterprise cost management": 13403,
        "Total Operating Expenses": 19087,
        "Total revenue financing activities": 1186,
        "Net profit from business activities": 8309,
        "Profit": -258,
        "Profit before tax": 8050,
        "Present corporate income tax expenses": 253,
        "Deferred income taxes expenses": "N/A",
        "The interests of minority shareholders": "N/A",
        "Total Cost of profits": 253,
        "Profit after tax corporate income": 7798,
        "Volume": 12347987,
        "Close of Quarter": 30.8,
        "EPS": 3850,
        "Non-adjusted EPS": 3850,
        "PE": 8.0,
        "Book Price": 25.3
      }
    },
    {
      "quarter": "Q3 2014",
      "income status": {
        "Net sales": 72917,
        "Cost of goods sold": 47498,
        "Gross Profit": 25419,
        "Financial expenses": 1401,
        "Of which: Interest expense": 1401,
        "Cost of sales": 2567,
        "Enterprise cost management": 7312,
        "Total Operating Expenses": 11280,
        "Total revenue financing activities": 552,
        "Net profit from business activities": 14691,
        "Profit": 200,
        "Profit before tax": 14891,
        "Present corporate income tax expenses": 873,
        "Deferred income taxes expenses": "N/A",
        "The interests of minority shareholders": "N/A",
        "Total Cost of profits": 873,
        "Profit after tax corporate income": 14019,
        "Volume": "N/A",
        "Close of Quarter": 31.2,
        "EPS": "N/A",
        "Non-adjusted EPS": " ",
        "PE": "N/A",
        "Book Price": "N/A"
      }
    },
    {
      "quarter": "Q2 2014",
      "income status": {
        "Net sales": 66724,
        "Cost of goods sold": 39943,
        "Gross Profit": 26781,
        "Financial expenses": 1313,
        "Of which: Interest expense": 1313,
        "Cost of sales": 3578,
        "Enterprise cost management": 7124,
        "Total Operating Expenses": 12015,
        "Total revenue financing activities": 537,
        "Net profit from business activities": 15303,
        "Profit": 28,
        "Profit before tax": 15331,
        "Present corporate income tax expenses": 943,
        "Deferred income taxes expenses": "N/A",
        "The interests of minority shareholders": "N/A",
        "Total Cost of profits": 943,
        "Profit after tax corporate income": 14388,
        "Volume": "N/A",
        "Close of Quarter": 23.5,
        "EPS": "",
        "Non-adjusted EPS": "N/A",
        "PE": "N/A",
        "Book Price": "N/A"
      }
    },
    {
      "quarter": "Q1 2014",
      "income status": {
        "Net sales": 54177,
        "Cost of goods sold": 32764,
        "Gross Profit": 21413,
        "Financial expenses": 1306,
        "Of which: Interest expense": 1305,
        "Cost of sales": 2770,
        "Enterprise cost management": 5526,
        "Total Operating Expenses": 9602,
        "Total revenue financing activities": 130,
        "Net profit from business activities": 11942,
        "Profit": 11,
        "Profit before tax": 11953,
        "Present corporate income tax expenses": 618,
        "Deferred income taxes expenses": "N/A",
        "The interests of minority shareholders": "N/A",
        "Total Cost of profits": 618,
        "Profit after tax corporate income": 11335,
        "Volume": "N/A",
        "Close of Quarter": 20.4,
        "EPS": "",
        "Non-adjusted EPS": "N/A",
        "PE": "N/A",
        "Book Price": "N/A"
      }
    },
    {
      "quarter": "Q4 2013",
      "income status": {
        "Net sales": 56392,
        "Cost of goods sold": 35476,
        "Gross Profit": 20916,
        "Financial expenses": 956,
        "Of which: Interest expense": 911,
        "Cost of sales": 1796,
        "Enterprise cost management": 4346,
        "Total Operating Expenses": 7098,
        "Total revenue financing activities": 553,
        "Net profit from business activities": 14371,
        "Profit": 85,
        "Profit before tax": 14456,
        "Present corporate income tax expenses": 959,
        "Deferred income taxes expenses": "N/A",
        "The interests of minority shareholders": "N/A",
        "Total Cost of profits": 959,
        "Profit after tax corporate income": 13497,
        "Volume": "N/A",
        "Close of Quarter": 18.6,
        "EPS": " ",
        "Non-adjusted EPS": "",
        "PE": "N/A",
        "Book Price": "N/A"
      }
    },
    {
      "quarter": "Q3 2013",
      "income status": {
        "Net sales": 52781,
        "Cost of goods sold": 31372,
        "Gross Profit": 21409,
        "Financial expenses": 1103,
        "Of which: Interest expense": 1103,
        "Cost of sales": 1458,
        "Enterprise cost management": 6181,
        "Total Operating Expenses": 8742,
        "Total revenue financing activities": 197,
        "Net profit from business activities": 12864,
        "Profit": -205,
        "Profit before tax": 12659,
        "Present corporate income tax expenses": 687,
        "Deferred income taxes expenses": "N/A",
        "The interests of minority shareholders": "N/A",
        "Total Cost of profits": 687,
        "Profit after tax corporate income": 11972,
        "Volume": "N/A",
        "Close of Quarter": 14.3,
        "EPS": "N/A",
        "Non-adjusted EPS": "",
        "PE": "N/A",
        "Book Price": "N/A"
      }
    },
    {
      "quarter": "Q2 2013",
      "income status": {
        "Net sales": 54242,
        "Cost of goods sold": 32163,
        "Gross Profit": 22079,
        "Financial expenses": 1547,
        "Of which: Interest expense": 1547,
        "Cost of sales": 2115,
        "Enterprise cost management": 7486,
        "Total Operating Expenses": 11148,
        "Total revenue financing activities": 829,
        "Net profit from business activities": 11760,
        "Profit": 1591,
        "Profit before tax": 13351,
        "Present corporate income tax expenses": 398,
        "Deferred income taxes expenses": "N/A",
        "The interests of minority shareholders": "N/A",
        "Total Cost of profits": 398,
        "Profit after tax corporate income": 12953,
        "Volume": "N/A",
        "Close of Quarter": 13.6,
        "EPS": "N/A",
        "Non-adjusted EPS": " ",
        "PE": "N/A",
        "Book Price": "N/A"
      }
    },
    {
      "quarter": "Q1 2013",
      "income status": {
        "Net sales": 39353,
        "Cost of goods sold": 25005,
        "Gross Profit": 14348,
        "Financial expenses": 1125,
        "Of which: Interest expense": 1125,
        "Cost of sales": 1167,
        "Enterprise cost management": 5346,
        "Total Operating Expenses": 7638,
        "Total revenue financing activities": 309,
        "Net profit from business activities": 7020,
        "Profit": 46,
        "Profit before tax": 7065,
        "Present corporate income tax expenses": 602,
        "Deferred income taxes expenses": "N/A",
        "The interests of minority shareholders": "N/A",
        "Total Cost of profits": 602,
        "Profit after tax corporate income": 6464,
        "Volume": "N/A",
        "Close of Quarter": 14.3,
        "EPS": "",
        "Non-adjusted EPS": "N/A",
        "PE": "N/A",
        "Book Price": "N/A"
      }
    },
    {
      "quarter": "Q4 2012",
      "income status": {
        "Net sales": 51046,
        "Cost of goods sold": 30093,
        "Gross Profit": 20953,
        "Financial expenses": 412,
        "Of which: Interest expense": 411,
        "Cost of sales": 2607,
        "Enterprise cost management": 8368,
        "Total Operating Expenses": 11387,
        "Total revenue financing activities": 1802,
        "Net profit from business activities": 11369,
        "Profit": 489,
        "Profit before tax": 11858,
        "Present corporate income tax expenses": 501,
        "Deferred income taxes expenses": "N/A",
        "The interests of minority shareholders": "N/A",
        "Total Cost of profits": 501,
        "Profit after tax corporate income": 11357,
        "Volume": "N/A",
        "Close of Quarter": 11.3,
        "EPS": "",
        "Non-adjusted EPS": "N/A",
        "PE": "N/A",
        "Book Price": "N/A"
      }
    },
    {
      "quarter": "Q3 2012",
      "income status": {
        "Net sales": 47844,
        "Cost of goods sold": 26005,
        "Gross Profit": 21839,
        "Financial expenses": 252,
        "Of which: Interest expense": 244,
        "Cost of sales": 1524,
        "Enterprise cost management": 6209,
        "Total Operating Expenses": 7985,
        "Total revenue financing activities": 1267,
        "Net profit from business activities": 15121,
        "Profit": -303,
        "Profit before tax": 14818,
        "Present corporate income tax expenses": 722,
        "Deferred income taxes expenses": "N/A",
        "The interests of minority shareholders": "N/A",
        "Total Cost of profits": 722,
        "Profit after tax corporate income": 14096,
        "Volume": "N/A",
        "Close of Quarter": 11.5,
        "EPS": " ",
        "Non-adjusted EPS": "",
        "PE": "N/A",
        "Book Price": "N/A"
      }
    },
    {
      "quarter": "Q2 2012",
      "income status": {
        "Net sales": 37696,
        "Cost of goods sold": 21497,
        "Gross Profit": 16199,
        "Financial expenses": 438,
        "Of which: Interest expense": 435,
        "Cost of sales": 892,
        "Enterprise cost management": 4437,
        "Total Operating Expenses": 5767,
        "Total revenue financing activities": 184,
        "Net profit from business activities": 10617,
        "Profit": 248,
        "Profit before tax": 10864,
        "Present corporate income tax expenses": 484,
        "Deferred income taxes expenses": "N/A",
        "The interests of minority shareholders": "N/A",
        "Total Cost of profits": 484,
        "Profit after tax corporate income": 10381,
        "Volume": "N/A",
        "Close of Quarter": 9.9,
        "EPS": "N/A",
        "Non-adjusted EPS": "",
        "PE": "N/A",
        "Book Price": "N/A"
      }
    },
    {
      "quarter": "Q1 2012",
      "income status": {
        "Net sales": 32382,
        "Cost of goods sold": 17814,
        "Gross Profit": 14568,
        "Financial expenses": 691,
        "Of which: Interest expense": 691,
        "Cost of sales": 885,
        "Enterprise cost management": 4779,
        "Total Operating Expenses": 6355,
        "Total revenue financing activities": 47,
        "Net profit from business activities": 8259,
        "Profit": 273,
        "Profit before tax": 8532,
        "Present corporate income tax expenses": 480,
        "Deferred income taxes expenses": "N/A",
        "The interests of minority shareholders": "N/A",
        "Total Cost of profits": 480,
        "Profit after tax corporate income": 8052,
        "Volume": "N/A",
        "Close of Quarter": 13.1,
        "EPS": "N/A",
        "Non-adjusted EPS": " ",
        "PE": "N/A",
        "Book Price": "N/A"
      }
    },
    {
      "quarter": "Q4 2011",
      "income status": {
        "Net sales": 32228,
        "Cost of goods sold": 19889,
        "Gross Profit": 12338,
        "Financial expenses": 1406,
        "Of which: Interest expense": 670,
        "Cost of sales": 1062,
        "Enterprise cost management": -90,
        "Total Operating Expenses": 2378,
        "Total revenue financing activities": 781,
        "Net profit from business activities": 10742,
        "Profit": -645,
        "Profit before tax": 10097,
        "Present corporate income tax expenses": -30,
        "Deferred income taxes expenses": "N/A",
        "The interests of minority shareholders": "N/A",
        "Total Cost of profits": -30,
        "Profit after tax corporate income": 10127,
        "Volume": "N/A",
        "Close of Quarter": 14.3,
        "EPS": "",
        "Non-adjusted EPS": "N/A",
        "PE": "N/A",
        "Book Price": "N/A"
      }
    },
    {
      "quarter": "Q3 2011",
      "income status": {
        "Net sales": 29669,
        "Cost of goods sold": 14374,
        "Gross Profit": 15294,
        "Financial expenses": 1057,
        "Of which: Interest expense": 612,
        "Cost of sales": 266,
        "Enterprise cost management": 7138,
        "Total Operating Expenses": 8461,
        "Total revenue financing activities": 764,
        "Net profit from business activities": 7598,
        "Profit": 54,
        "Profit before tax": 7652,
        "Present corporate income tax expenses": 532,
        "Deferred income taxes expenses": "N/A",
        "The interests of minority shareholders": "N/A",
        "Total Cost of profits": 532,
        "Profit after tax corporate income": 7121,
        "Volume": "N/A",
        "Close of Quarter": 15.9,
        "EPS": "",
        "Non-adjusted EPS": "N/A",
        "PE": "N/A",
        "Book Price": "N/A"
      }
    },
    {
      "quarter": "Q2 2011",
      "income status": {
        "Net sales": 31179,
        "Cost of goods sold": 17471,
        "Gross Profit": 13708,
        "Financial expenses": 509,
        "Of which: Interest expense": 509,
        "Cost of sales": 162,
        "Enterprise cost management": 7644,
        "Total Operating Expenses": 8315,
        "Total revenue financing activities": 3324,
        "Net profit from business activities": 8717,
        "Profit": 1038,
        "Profit before tax": 9755,
        "Present corporate income tax expenses": 871,
        "Deferred income taxes expenses": "N/A",
        "The interests of minority shareholders": "N/A",
        "Total Cost of profits": 871,
        "Profit after tax corporate income": 8884,
        "Volume": "N/A",
        "Close of Quarter": 15.9,
        "EPS": " ",
        "Non-adjusted EPS": "",
        "PE": "N/A",
        "Book Price": "N/A"
      }
    },
    {
      "quarter": "Q1 2011",
      "income status": {
        "Net sales": 26775,
        "Cost of goods sold": 12667,
        "Gross Profit": 14108,
        "Financial expenses": 416,
        "Of which: Interest expense": 407,
        "Cost of sales": 292,
        "Enterprise cost management": 5476,
        "Total Operating Expenses": 6184,
        "Total revenue financing activities": 651,
        "Net profit from business activities": 8575,
        "Profit": 24,
        "Profit before tax": 8599,
        "Present corporate income tax expenses": 1006,
        "Deferred income taxes expenses": "N/A",
        "The interests of minority shareholders": "N/A",
        "Total Cost of profits": 1006,
        "Profit after tax corporate income": 7593,
        "Volume": "N/A",
        "Close of Quarter": 18.0,
        "EPS": "N/A",
        "Non-adjusted EPS": "",
        "PE": "N/A",
        "Book Price": "N/A"
      }
    }
  ]
}