{
  "ticker": "HAD",
  "data": [
    {
      "quarter": "Q4 2016",
      "income status": {
        "Net sales": 37118,
        "Cost of goods sold": 30019,
        "Gross Profit": 7099,
        "Financial expenses": "N/A",
        "Of which: Interest expense": "N/A",
        "Cost of sales": 1788,
        "Enterprise cost management": 3097,
        "Total Operating Expenses": 4885,
        "Total revenue financing activities": 1747,
        "Net profit from business activities": 3962,
        "Profit": -91,
        "Profit before tax": 3870,
        "Present corporate income tax expenses": 847,
        "Deferred income taxes expenses": "N/A",
        "The interests of minority shareholders": "N/A",
        "Total Cost of profits": 847,
        "Profit after tax corporate income": 3024,
        "Volume": 4000000,
        "Close of Quarter": 39.8,
        "EPS": 4278,
        "Non-adjusted EPS": 4278,
        "PE": 9.3,
        "Book Price": 38.8
      }
    },
    {
      "quarter": "Q3 2016",
      "income status": {
        "Net sales": 73010,
        "Cost of goods sold": 56432,
        "Gross Profit": 16578,
        "Financial expenses": "N/A",
        "Of which: Interest expense": "N/A",
        "Cost of sales": 3063,
        "Enterprise cost management": 5356,
        "Total Operating Expenses": 8419,
        "Total revenue financing activities": 686,
        "Net profit from business activities": 8845,
        "Profit": 3,
        "Profit before tax": 8848,
        "Present corporate income tax expenses": 1770,
        "Deferred income taxes expenses": "N/A",
        "The interests of minority shareholders": "N/A",
        "Total Cost of profits": 1770,
        "Profit after tax corporate income": 7078,
        "Volume": 4000000,
        "Close of Quarter": 41.6,
        "EPS": 4338,
        "Non-adjusted EPS": 4338,
        "PE": 9.6,
        "Book Price": 39.1
      }
    },
    {
      "quarter": "Q2 2016",
      "income status": {
        "Net sales": 63912,
        "Cost of goods sold": 47466,
        "Gross Profit": 16445,
        "Financial expenses": 22,
        "Of which: Interest expense": "N/A",
        "Cost of sales": 5475,
        "Enterprise cost management": 4802,
        "Total Operating Expenses": 10299,
        "Total revenue financing activities": 1151,
        "Net profit from business activities": 7298,
        "Profit": "N/A",
        "Profit before tax": 7298,
        "Present corporate income tax expenses": 1460,
        "Deferred income taxes expenses": "N/A",
        "The interests of minority shareholders": "N/A",
        "Total Cost of profits": 1460,
        "Profit after tax corporate income": 5838,
        "Volume": 4000000,
        "Close of Quarter": 43.2,
        "EPS": 4446,
        "Non-adjusted EPS": 4446,
        "PE": 9.7,
        "Book Price": 37.3
      }
    },
    {
      "quarter": "Q1 2016",
      "income status": {
        "Net sales": 14291,
        "Cost of goods sold": 10685,
        "Gross Profit": 3606,
        "Financial expenses": 6,
        "Of which: Interest expense": "N/A",
        "Cost of sales": 1297,
        "Enterprise cost management": 1357,
        "Total Operating Expenses": 2660,
        "Total revenue financing activities": 518,
        "Net profit from business activities": 1463,
        "Profit": "N/A",
        "Profit before tax": 1463,
        "Present corporate income tax expenses": 293,
        "Deferred income taxes expenses": "N/A",
        "The interests of minority shareholders": "N/A",
        "Total Cost of profits": 293,
        "Profit after tax corporate income": 1171,
        "Volume": 4000000,
        "Close of Quarter": 40.6,
        "EPS": 5370,
        "Non-adjusted EPS": 5370,
        "PE": 7.6,
        "Book Price": 38.3
      }
    },
    {
      "quarter": "Q4 2015",
      "income status": {
        "Net sales": 40386,
        "Cost of goods sold": 30274,
        "Gross Profit": 10112,
        "Financial expenses": "N/A",
        "Of which: Interest expense": "N/A",
        "Cost of sales": 1239,
        "Enterprise cost management": 5748,
        "Total Operating Expenses": 6987,
        "Total revenue financing activities": 1480,
        "Net profit from business activities": 4605,
        "Profit": -248,
        "Profit before tax": 4357,
        "Present corporate income tax expenses": 1094,
        "Deferred income taxes expenses": "N/A",
        "The interests of minority shareholders": "N/A",
        "Total Cost of profits": 1094,
        "Profit after tax corporate income": 3263,
        "Volume": 4000000,
        "Close of Quarter": 36.3,
        "EPS": 5333,
        "Non-adjusted EPS": 5333,
        "PE": 6.8,
        "Book Price": 38
      }
    },
    {
      "quarter": "Q3 2015",
      "income status": {
        "Net sales": 72727,
        "Cost of goods sold": 57738,
        "Gross Profit": 14989,
        "Financial expenses": "N/A",
        "Of which: Interest expense": "N/A",
        "Cost of sales": 2112,
        "Enterprise cost management": 3383,
        "Total Operating Expenses": 5495,
        "Total revenue financing activities": 667,
        "Net profit from business activities": 10161,
        "Profit": -531,
        "Profit before tax": 9630,
        "Present corporate income tax expenses": 2118,
        "Deferred income taxes expenses": "N/A",
        "The interests of minority shareholders": "N/A",
        "Total Cost of profits": 2118,
        "Profit after tax corporate income": 7511,
        "Volume": 4000000,
        "Close of Quarter": 41.6,
        "EPS": 5460,
        "Non-adjusted EPS": 5460,
        "PE": 7.6,
        "Book Price": 38.2
      }
    },
    {
      "quarter": "Q2 2015",
      "income status": {
        "Net sales": 70976,
        "Cost of goods sold": 49746,
        "Gross Profit": 21230,
        "Financial expenses": "N/A",
        "Of which: Interest expense": "N/A",
        "Cost of sales": 6225,
        "Enterprise cost management": 3767,
        "Total Operating Expenses": 9992,
        "Total revenue financing activities": 915,
        "Net profit from business activities": 12153,
        "Profit": 68,
        "Profit before tax": 12221,
        "Present corporate income tax expenses": 2689,
        "Deferred income taxes expenses": "N/A",
        "The interests of minority shareholders": "N/A",
        "Total Cost of profits": 2689,
        "Profit after tax corporate income": 9533,
        "Volume": 4000000,
        "Close of Quarter": 41.7,
        "EPS": 5520,
        "Non-adjusted EPS": 5520,
        "PE": 7.6,
        "Book Price": 36.3
      }
    },
    {
      "quarter": "Q1 2015",
      "income status": {
        "Net sales": 13271,
        "Cost of goods sold": 9697,
        "Gross Profit": 3574,
        "Financial expenses": 111,
        "Of which: Interest expense": 111,
        "Cost of sales": 1259,
        "Enterprise cost management": 1490,
        "Total Operating Expenses": 2860,
        "Total revenue financing activities": 599,
        "Net profit from business activities": 1313,
        "Profit": "N/A",
        "Profit before tax": 1313,
        "Present corporate income tax expenses": 289,
        "Deferred income taxes expenses": "N/A",
        "The interests of minority shareholders": "N/A",
        "Total Cost of profits": 289,
        "Profit after tax corporate income": 1024,
        "Volume": 4000000,
        "Close of Quarter": 41.8,
        "EPS": 5489,
        "Non-adjusted EPS": 5489,
        "PE": 7.6,
        "Book Price": 36.9
      }
    },
    {
      "quarter": "Q4 2014",
      "income status": {
        "Net sales": 34467,
        "Cost of goods sold": 28798,
        "Gross Profit": 5669,
        "Financial expenses": "N/A",
        "Of which: Interest expense": "N/A",
        "Cost of sales": -740,
        "Enterprise cost management": 2530,
        "Total Operating Expenses": 1790,
        "Total revenue financing activities": 1026,
        "Net profit from business activities": 4905,
        "Profit": "N/A",
        "Profit before tax": 4905,
        "Present corporate income tax expenses": 1132,
        "Deferred income taxes expenses": "N/A",
        "The interests of minority shareholders": "N/A",
        "Total Cost of profits": 1132,
        "Profit after tax corporate income": 3773,
        "Volume": 4000000,
        "Close of Quarter": 39.6,
        "EPS": 5768,
        "Non-adjusted EPS": 5768,
        "PE": 6.9,
        "Book Price": 37.1
      }
    },
    {
      "quarter": "Q3 2014",
      "income status": {
        "Net sales": 66864,
        "Cost of goods sold": 52255,
        "Gross Profit": 14610,
        "Financial expenses": "N/A",
        "Of which: Interest expense": "N/A",
        "Cost of sales": 2264,
        "Enterprise cost management": 3455,
        "Total Operating Expenses": 5719,
        "Total revenue financing activities": 1045,
        "Net profit from business activities": 9936,
        "Profit": "N/A",
        "Profit before tax": 9936,
        "Present corporate income tax expenses": 2186,
        "Deferred income taxes expenses": "N/A",
        "The interests of minority shareholders": "N/A",
        "Total Cost of profits": 2186,
        "Profit after tax corporate income": 7750,
        "Volume": 4000000,
        "Close of Quarter": 31.9,
        "EPS": 5799,
        "Non-adjusted EPS": 5799,
        "PE": 5.5,
        "Book Price": 36.2
      }
    },
    {
      "quarter": "Q2 2014",
      "income status": {
        "Net sales": 80433,
        "Cost of goods sold": 60091,
        "Gross Profit": 20342,
        "Financial expenses": "N/A",
        "Of which: Interest expense": "N/A",
        "Cost of sales": 5635,
        "Enterprise cost management": 3714,
        "Total Operating Expenses": 9349,
        "Total revenue financing activities": 1058,
        "Net profit from business activities": 12051,
        "Profit": 9,
        "Profit before tax": 12060,
        "Present corporate income tax expenses": 2653,
        "Deferred income taxes expenses": "N/A",
        "The interests of minority shareholders": "N/A",
        "Total Cost of profits": 2653,
        "Profit after tax corporate income": 9407,
        "Volume": 4000000,
        "Close of Quarter": 33.9,
        "EPS": 5943,
        "Non-adjusted EPS": 5943,
        "PE": 5.7,
        "Book Price": 34.3
      }
    },
    {
      "quarter": "Q1 2014",
      "income status": {
        "Net sales": 15323,
        "Cost of goods sold": 11134,
        "Gross Profit": 4189,
        "Financial expenses": "N/A",
        "Of which: Interest expense": "N/A",
        "Cost of sales": 997,
        "Enterprise cost management": 1496,
        "Total Operating Expenses": 2493,
        "Total revenue financing activities": 1086,
        "Net profit from business activities": 2782,
        "Profit": -35,
        "Profit before tax": 2747,
        "Present corporate income tax expenses": 604,
        "Deferred income taxes expenses": "N/A",
        "The interests of minority shareholders": "N/A",
        "Total Cost of profits": 604,
        "Profit after tax corporate income": 2143,
        "Volume": 4000000,
        "Close of Quarter": 38.1,
        "EPS": 6979,
        "Non-adjusted EPS": 6979,
        "PE": 5.5,
        "Book Price": 34.4
      }
    },
    {
      "quarter": "Q4 2013",
      "income status": {
        "Net sales": 35127,
        "Cost of goods sold": 27017,
        "Gross Profit": 8109,
        "Financial expenses": 21,
        "Of which: Interest expense": "N/A",
        "Cost of sales": 1078,
        "Enterprise cost management": 2431,
        "Total Operating Expenses": 3530,
        "Total revenue financing activities": 3035,
        "Net profit from business activities": 7614,
        "Profit": 387,
        "Profit before tax": 8001,
        "Present corporate income tax expenses": 3519,
        "Deferred income taxes expenses": 587,
        "The interests of minority shareholders": "N/A",
        "Total Cost of profits": 4106,
        "Profit after tax corporate income": 3895,
        "Volume": 4000000,
        "Close of Quarter": 33.9,
        "EPS": 7132,
        "Non-adjusted EPS": 7132,
        "PE": 4.8,
        "Book Price": 33.7
      }
    },
    {
      "quarter": "Q3 2013",
      "income status": {
        "Net sales": 58899,
        "Cost of goods sold": 38935,
        "Gross Profit": 19963,
        "Financial expenses": "N/A",
        "Of which: Interest expense": "N/A",
        "Cost of sales": 1312,
        "Enterprise cost management": 3293,
        "Total Operating Expenses": 4605,
        "Total revenue financing activities": 88,
        "Net profit from business activities": 15447,
        "Profit": -3259,
        "Profit before tax": 12188,
        "Present corporate income tax expenses": 3863,
        "Deferred income taxes expenses": "N/A",
        "The interests of minority shareholders": "N/A",
        "Total Cost of profits": 3863,
        "Profit after tax corporate income": 8325,
        "Volume": 4000000,
        "Close of Quarter": 31.6,
        "EPS": 6834,
        "Non-adjusted EPS": 6834,
        "PE": 4.6,
        "Book Price": 33.8
      }
    },
    {
      "quarter": "Q2 2013",
      "income status": {
        "Net sales": 85356,
        "Cost of goods sold": 59835,
        "Gross Profit": 25521,
        "Financial expenses": 81,
        "Of which: Interest expense": "N/A",
        "Cost of sales": 4054,
        "Enterprise cost management": 3875,
        "Total Operating Expenses": 8010,
        "Total revenue financing activities": 846,
        "Net profit from business activities": 18357,
        "Profit": -215,
        "Profit before tax": 18142,
        "Present corporate income tax expenses": 4589,
        "Deferred income taxes expenses": "N/A",
        "The interests of minority shareholders": "N/A",
        "Total Cost of profits": 4589,
        "Profit after tax corporate income": 13552,
        "Volume": 4000000,
        "Close of Quarter": 27.5,
        "EPS": 8309,
        "Non-adjusted EPS": 8309,
        "PE": 3.3,
        "Book Price": 31.7
      }
    },
    {
      "quarter": "Q1 2013",
      "income status": {
        "Net sales": 23377,
        "Cost of goods sold": 18069,
        "Gross Profit": 5307,
        "Financial expenses": "N/A",
        "Of which: Interest expense": "N/A",
        "Cost of sales": 1042,
        "Enterprise cost management": 2058,
        "Total Operating Expenses": 3100,
        "Total revenue financing activities": 1465,
        "Net profit from business activities": 3672,
        "Profit": "N/A",
        "Profit before tax": 3672,
        "Present corporate income tax expenses": 918,
        "Deferred income taxes expenses": "N/A",
        "The interests of minority shareholders": "N/A",
        "Total Cost of profits": 918,
        "Profit after tax corporate income": 2754,
        "Volume": 4000000,
        "Close of Quarter": 26.5,
        "EPS": 7620,
        "Non-adjusted EPS": 7620,
        "PE": 3.5,
        "Book Price": 31.4
      }
    },
    {
      "quarter": "Q4 2012",
      "income status": {
        "Net sales": 39438,
        "Cost of goods sold": 27802,
        "Gross Profit": 11636,
        "Financial expenses": 118,
        "Of which: Interest expense": 4,
        "Cost of sales": 7931,
        "Enterprise cost management": 3043,
        "Total Operating Expenses": 11092,
        "Total revenue financing activities": 3063,
        "Net profit from business activities": 3607,
        "Profit": "N/A",
        "Profit before tax": 3607,
        "Present corporate income tax expenses": 902,
        "Deferred income taxes expenses": "N/A",
        "The interests of minority shareholders": "N/A",
        "Total Cost of profits": 902,
        "Profit after tax corporate income": 2705,
        "Volume": 4000000,
        "Close of Quarter": 25.8,
        "EPS": 7489,
        "Non-adjusted EPS": 7489,
        "PE": 3.5,
        "Book Price": 30.8
      }
    },
    {
      "quarter": "Q3 2012",
      "income status": {
        "Net sales": 89015,
        "Cost of goods sold": 65929,
        "Gross Profit": 23086,
        "Financial expenses": "N/A",
        "Of which: Interest expense": "N/A",
        "Cost of sales": 655,
        "Enterprise cost management": 3514,
        "Total Operating Expenses": 4169,
        "Total revenue financing activities": 47,
        "Net profit from business activities": 18963,
        "Profit": "N/A",
        "Profit before tax": 18963,
        "Present corporate income tax expenses": 4741,
        "Deferred income taxes expenses": "N/A",
        "The interests of minority shareholders": "N/A",
        "Total Cost of profits": 4741,
        "Profit after tax corporate income": 14223,
        "Volume": 4000000,
        "Close of Quarter": 19.0,
        "EPS": 8242,
        "Non-adjusted EPS": 8242,
        "PE": 2.3,
        "Book Price": 30.6
      }
    },
    {
      "quarter": "Q2 2012",
      "income status": {
        "Net sales": 86085,
        "Cost of goods sold": 61083,
        "Gross Profit": 25002,
        "Financial expenses": "N/A",
        "Of which: Interest expense": "N/A",
        "Cost of sales": 7629,
        "Enterprise cost management": 3709,
        "Total Operating Expenses": 11338,
        "Total revenue financing activities": 769,
        "Net profit from business activities": 14433,
        "Profit": "N/A",
        "Profit before tax": 14433,
        "Present corporate income tax expenses": 3635,
        "Deferred income taxes expenses": "N/A",
        "The interests of minority shareholders": "N/A",
        "Total Cost of profits": 3635,
        "Profit after tax corporate income": 10798,
        "Volume": 4000000,
        "Close of Quarter": 16.1,
        "EPS": 7094,
        "Non-adjusted EPS": 7094,
        "PE": 2.3,
        "Book Price": 27.2
      }
    },
    {
      "quarter": "Q1 2012",
      "income status": {
        "Net sales": 20381,
        "Cost of goods sold": 17658,
        "Gross Profit": 2723,
        "Financial expenses": "N/A",
        "Of which: Interest expense": "N/A",
        "Cost of sales": 370,
        "Enterprise cost management": 1642,
        "Total Operating Expenses": 2012,
        "Total revenue financing activities": 2264,
        "Net profit from business activities": 2974,
        "Profit": "N/A",
        "Profit before tax": 2974,
        "Present corporate income tax expenses": 744,
        "Deferred income taxes expenses": "N/A",
        "The interests of minority shareholders": "N/A",
        "Total Cost of profits": 744,
        "Profit after tax corporate income": 2231,
        "Volume": 4000000,
        "Close of Quarter": 17.3,
        "EPS": 5919,
        "Non-adjusted EPS": 5919,
        "PE": 2.9,
        "Book Price": 26.9
      }
    },
    {
      "quarter": "Q4 2011",
      "income status": {
        "Net sales": 53416,
        "Cost of goods sold": 40074,
        "Gross Profit": 13342,
        "Financial expenses": "N/A",
        "Of which: Interest expense": "N/A",
        "Cost of sales": 5819,
        "Enterprise cost management": 2437,
        "Total Operating Expenses": 8256,
        "Total revenue financing activities": 2536,
        "Net profit from business activities": 7623,
        "Profit": "N/A",
        "Profit before tax": 7623,
        "Present corporate income tax expenses": 1906,
        "Deferred income taxes expenses": "N/A",
        "The interests of minority shareholders": "N/A",
        "Total Cost of profits": 1906,
        "Profit after tax corporate income": 5717,
        "Volume": 4000000,
        "Close of Quarter": 15.6,
        "EPS": 5664,
        "Non-adjusted EPS": 5664,
        "PE": 2.8,
        "Book Price": 26
      }
    },
    {
      "quarter": "Q3 2011",
      "income status": {
        "Net sales": 91165,
        "Cost of goods sold": 73968,
        "Gross Profit": 17196,
        "Financial expenses": 6,
        "Of which: Interest expense": 6,
        "Cost of sales": 1738,
        "Enterprise cost management": 3370,
        "Total Operating Expenses": 5114,
        "Total revenue financing activities": 758,
        "Net profit from business activities": 12840,
        "Profit": "N/A",
        "Profit before tax": 22583,
        "Present corporate income tax expenses": 3210,
        "Deferred income taxes expenses": "N/A",
        "The interests of minority shareholders": "N/A",
        "Total Cost of profits": 3210,
        "Profit after tax corporate income": 9630,
        "Volume": 4000000,
        "Close of Quarter": 18.6,
        "EPS": 5143,
        "Non-adjusted EPS": 5143,
        "PE": 3.6,
        "Book Price": 25.6
      }
    },
    {
      "quarter": "Q2 2011",
      "income status": {
        "Net sales": 64262,
        "Cost of goods sold": 48194,
        "Gross Profit": 16068,
        "Financial expenses": "N/A",
        "Of which: Interest expense": "N/A",
        "Cost of sales": 7141,
        "Enterprise cost management": 2150,
        "Total Operating Expenses": 9291,
        "Total revenue financing activities": 1108,
        "Net profit from business activities": 7886,
        "Profit": 245,
        "Profit before tax": 8131,
        "Present corporate income tax expenses": 2033,
        "Deferred income taxes expenses": "N/A",
        "The interests of minority shareholders": "N/A",
        "Total Cost of profits": 2033,
        "Profit after tax corporate income": 6098,
        "Volume": 4000000,
        "Close of Quarter": 25.9,
        "EPS": 6106,
        "Non-adjusted EPS": 6106,
        "PE": 4.2,
        "Book Price": 23.2
      }
    },
    {
      "quarter": "Q1 2011",
      "income status": {
        "Net sales": 23648,
        "Cost of goods sold": 20851,
        "Gross Profit": 2797,
        "Financial expenses": 811,
        "Of which: Interest expense": 3,
        "Cost of sales": 311,
        "Enterprise cost management": 1001,
        "Total Operating Expenses": 2123,
        "Total revenue financing activities": 937,
        "Net profit from business activities": 1612,
        "Profit": "N/A",
        "Profit before tax": 1612,
        "Present corporate income tax expenses": 403,
        "Deferred income taxes expenses": "N/A",
        "The interests of minority shareholders": "N/A",
        "Total Cost of profits": 403,
        "Profit after tax corporate income": 1209,
        "Volume": 4000000,
        "Close of Quarter": 25.3,
        "EPS": 6681,
        "Non-adjusted EPS": 6681,
        "PE": 3.8,
        "Book Price": 25.5
      }
    }
  ]
}