{
  "ticker": "CHP",
  "data": [
    {
      "quarter": "Q4 2016",
      "income status": {
        "Net sales": 359003,
        "Cost of goods sold": 84942,
        "Gross Profit": 274061,
        "Financial expenses": 29236,
        "Of which: Interest expense": 29236,
        "Cost of sales": "N/A",
        "Enterprise cost management": 13649,
        "Total Operating Expenses": 42885,
        "Total revenue financing activities": 1830,
        "Net profit from business activities": 233006,
        "Profit": 12,
        "Profit before tax": 233018,
        "Present corporate income tax expenses": "N/A",
        "Deferred income taxes expenses": "N/A",
        "The interests of minority shareholders": "N/A",
        "Total Cost of profits": 0,
        "Profit after tax corporate income": 233018,
        "Volume": 125999511,
        "Close of Quarter": 19.3,
        "EPS": 2046,
        "Non-adjusted EPS": 2046,
        "PE": 9.4,
        "Book Price": 13.3
      }
    },
    {
      "quarter": "Q3 2016",
      "income status": {
        "Net sales": 115643,
        "Cost of goods sold": 59990,
        "Gross Profit": 55653,
        "Financial expenses": 25364,
        "Of which: Interest expense": 25364,
        "Cost of sales": "N/A",
        "Enterprise cost management": 8773,
        "Total Operating Expenses": 34137,
        "Total revenue financing activities": 1472,
        "Net profit from business activities": 22988,
        "Profit": 2,
        "Profit before tax": 22990,
        "Present corporate income tax expenses": "N/A",
        "Deferred income taxes expenses": "N/A",
        "The interests of minority shareholders": "N/A",
        "Total Cost of profits": 0,
        "Profit after tax corporate income": 22990,
        "Volume": 125999511,
        "Close of Quarter": 19.1,
        "EPS": 1620,
        "Non-adjusted EPS": 1620,
        "PE": 11.8,
        "Book Price": 11.5
      }
    },
    {
      "quarter": "Q2 2016",
      "income status": {
        "Net sales": 80280,
        "Cost of goods sold": 51247,
        "Gross Profit": 29033,
        "Financial expenses": 30783,
        "Of which: Interest expense": 30783,
        "Cost of sales": "N/A",
        "Enterprise cost management": 8747,
        "Total Operating Expenses": 39530,
        "Total revenue financing activities": 3487,
        "Net profit from business activities": -7010,
        "Profit": -1,
        "Profit before tax": -7012,
        "Present corporate income tax expenses": "N/A",
        "Deferred income taxes expenses": "N/A",
        "The interests of minority shareholders": "N/A",
        "Total Cost of profits": 0,
        "Profit after tax corporate income": -7012,
        "Volume": 125999511,
        "Close of Quarter": 19.1,
        "EPS": 1560,
        "Non-adjusted EPS": 1560,
        "PE": 12.3,
        "Book Price": 11.3
      }
    },
    {
      "quarter": "Q1 2016",
      "income status": {
        "Net sales": 94763,
        "Cost of goods sold": 56443,
        "Gross Profit": 38320,
        "Financial expenses": 26012,
        "Of which: Interest expense": 26012,
        "Cost of sales": "N/A",
        "Enterprise cost management": 6558,
        "Total Operating Expenses": 32570,
        "Total revenue financing activities": 3011,
        "Net profit from business activities": 8761,
        "Profit": 18,
        "Profit before tax": 8779,
        "Present corporate income tax expenses": "N/A",
        "Deferred income taxes expenses": "N/A",
        "The interests of minority shareholders": "N/A",
        "Total Cost of profits": 0,
        "Profit after tax corporate income": 8779,
        "Volume": 125999511,
        "Close of Quarter": 17.5,
        "EPS": 2050,
        "Non-adjusted EPS": 2050,
        "PE": 8.5,
        "Book Price": 11.4
      }
    },
    {
      "quarter": "Q4 2015",
      "income status": {
        "Net sales": 297235,
        "Cost of goods sold": 68561,
        "Gross Profit": 228674,
        "Financial expenses": 33494,
        "Of which: Interest expense": 33307,
        "Cost of sales": "N/A",
        "Enterprise cost management": 18917,
        "Total Operating Expenses": 52411,
        "Total revenue financing activities": 2246,
        "Net profit from business activities": 178509,
        "Profit": 858,
        "Profit before tax": 179366,
        "Present corporate income tax expenses": "N/A",
        "Deferred income taxes expenses": "N/A",
        "The interests of minority shareholders": "N/A",
        "Total Cost of profits": 0,
        "Profit after tax corporate income": 179366,
        "Volume": 125999511,
        "Close of Quarter": 17.8,
        "EPS": 2606,
        "Non-adjusted EPS": 2606,
        "PE": 6.8,
        "Book Price": 12.9
      }
    },
    {
      "quarter": "Q3 2015",
      "income status": {
        "Net sales": 114812,
        "Cost of goods sold": 64215,
        "Gross Profit": 50597,
        "Financial expenses": 32170,
        "Of which: Interest expense": 32170,
        "Cost of sales": "N/A",
        "Enterprise cost management": 5682,
        "Total Operating Expenses": 37852,
        "Total revenue financing activities": 2128,
        "Net profit from business activities": 14874,
        "Profit": 611,
        "Profit before tax": 15485,
        "Present corporate income tax expenses": "N/A",
        "Deferred income taxes expenses": "N/A",
        "The interests of minority shareholders": "N/A",
        "Total Cost of profits": 0,
        "Profit after tax corporate income": 15485,
        "Volume": 125999511,
        "Close of Quarter": 16.1,
        "EPS": 2895,
        "Non-adjusted EPS": 2895,
        "PE": 5.5,
        "Book Price": 11.6
      }
    },
    {
      "quarter": "Q2 2015",
      "income status": {
        "Net sales": 145206,
        "Cost of goods sold": 54018,
        "Gross Profit": 91188,
        "Financial expenses": 35407,
        "Of which: Interest expense": 35407,
        "Cost of sales": "N/A",
        "Enterprise cost management": 5543,
        "Total Operating Expenses": 40950,
        "Total revenue financing activities": 3347,
        "Net profit from business activities": 53585,
        "Profit": 1092,
        "Profit before tax": 54677,
        "Present corporate income tax expenses": "N/A",
        "Deferred income taxes expenses": "N/A",
        "The interests of minority shareholders": "N/A",
        "Total Cost of profits": 0,
        "Profit after tax corporate income": 54677,
        "Volume": 120000000,
        "Close of Quarter": 15.5,
        "EPS": 2663.8,
        "Non-adjusted EPS": 2797,
        "PE": 5.5,
        "Book Price": 11.5
      }
    },
    {
      "quarter": "Q1 2015",
      "income status": {
        "Net sales": 172057,
        "Cost of goods sold": 55705,
        "Gross Profit": 116353,
        "Financial expenses": 33780,
        "Of which: Interest expense": 33780,
        "Cost of sales": "N/A",
        "Enterprise cost management": 5493,
        "Total Operating Expenses": 39273,
        "Total revenue financing activities": 1733,
        "Net profit from business activities": 78812,
        "Profit": 23,
        "Profit before tax": 78834,
        "Present corporate income tax expenses": "N/A",
        "Deferred income taxes expenses": "N/A",
        "The interests of minority shareholders": "N/A",
        "Total Cost of profits": 0,
        "Profit after tax corporate income": 78834,
        "Volume": 120000000,
        "Close of Quarter": 12.3,
        "EPS": 2116.2,
        "Non-adjusted EPS": 2222,
        "PE": 5.6,
        "Book Price": 11.1
      }
    },
    {
      "quarter": "Q4 2014",
      "income status": {
        "Net sales": 346289,
        "Cost of goods sold": 69327,
        "Gross Profit": 276962,
        "Financial expenses": 44324,
        "Of which: Interest expense": 44324,
        "Cost of sales": "N/A",
        "Enterprise cost management": 18466,
        "Total Operating Expenses": 62790,
        "Total revenue financing activities": 1164,
        "Net profit from business activities": 215337,
        "Profit": 438,
        "Profit before tax": 215775,
        "Present corporate income tax expenses": "N/A",
        "Deferred income taxes expenses": "N/A",
        "The interests of minority shareholders": "N/A",
        "Total Cost of profits": 0,
        "Profit after tax corporate income": 215775,
        "Volume": 120000000,
        "Close of Quarter": 11.7,
        "EPS": 1691.4,
        "Non-adjusted EPS": 1776,
        "PE": 6.6,
        "Book Price": 11.2
      }
    },
    {
      "quarter": "Q3 2014",
      "income status": {
        "Net sales": 81946,
        "Cost of goods sold": 54266,
        "Gross Profit": 27680,
        "Financial expenses": 37286,
        "Of which: Interest expense": 37286,
        "Cost of sales": "N/A",
        "Enterprise cost management": 5458,
        "Total Operating Expenses": 42744,
        "Total revenue financing activities": 1451,
        "Net profit from business activities": -13613,
        "Profit": "N/A",
        "Profit before tax": -13613,
        "Present corporate income tax expenses": "N/A",
        "Deferred income taxes expenses": "N/A",
        "The interests of minority shareholders": "N/A",
        "Total Cost of profits": 0,
        "Profit after tax corporate income": -13613,
        "Volume": 120000000,
        "Close of Quarter": 9.4,
        "EPS": 1043.8,
        "Non-adjusted EPS": 1096,
        "PE": 8.6,
        "Book Price": 9.6
      }
    },
    {
      "quarter": "Q2 2014",
      "income status": {
        "Net sales": 84985,
        "Cost of goods sold": 55898,
        "Gross Profit": 29087,
        "Financial expenses": 46763,
        "Of which: Interest expense": 46763,
        "Cost of sales": "N/A",
        "Enterprise cost management": 6613,
        "Total Operating Expenses": 53376,
        "Total revenue financing activities": 3400,
        "Net profit from business activities": -20889,
        "Profit": 6515,
        "Profit before tax": -14374,
        "Present corporate income tax expenses": "N/A",
        "Deferred income taxes expenses": "N/A",
        "The interests of minority shareholders": "N/A",
        "Total Cost of profits": 0,
        "Profit after tax corporate income": -14374,
        "Volume": 120000000,
        "Close of Quarter": 8.3,
        "EPS": 1376.2,
        "Non-adjusted EPS": 1445,
        "PE": 5.8,
        "Book Price": 9.7
      }
    },
    {
      "quarter": "Q1 2014",
      "income status": {
        "Net sales": 113264,
        "Cost of goods sold": 46197,
        "Gross Profit": 67066,
        "Financial expenses": 38832,
        "Of which: Interest expense": 38832,
        "Cost of sales": "N/A",
        "Enterprise cost management": 5009,
        "Total Operating Expenses": 43841,
        "Total revenue financing activities": 2052,
        "Net profit from business activities": 25277,
        "Profit": 3,
        "Profit before tax": 25280,
        "Present corporate income tax expenses": "N/A",
        "Deferred income taxes expenses": "N/A",
        "The interests of minority shareholders": "N/A",
        "Total Cost of profits": 0,
        "Profit after tax corporate income": 25280,
        "Volume": 120000000,
        "Close of Quarter": 9.3,
        "EPS": 1489.5,
        "Non-adjusted EPS": 1564,
        "PE": 6.0,
        "Book Price": 10.2
      }
    },
    {
      "quarter": "Q4 2013",
      "income status": {
        "Net sales": 268949,
        "Cost of goods sold": 78650,
        "Gross Profit": 190299,
        "Financial expenses": 49374,
        "Of which: Interest expense": 49374,
        "Cost of sales": "N/A",
        "Enterprise cost management": 8411,
        "Total Operating Expenses": 57785,
        "Total revenue financing activities": 1711,
        "Net profit from business activities": 134224,
        "Profit": -22,
        "Profit before tax": 134202,
        "Present corporate income tax expenses": "N/A",
        "Deferred income taxes expenses": "N/A",
        "The interests of minority shareholders": "N/A",
        "Total Cost of profits": 0,
        "Profit after tax corporate income": 134202,
        "Volume": 120000000,
        "Close of Quarter": 7.2,
        "EPS": 1289.5,
        "Non-adjusted EPS": 1354,
        "PE": 5.4,
        "Book Price": 9.9
      }
    },
    {
      "quarter": "Q3 2013",
      "income status": {
        "Net sales": 117840,
        "Cost of goods sold": 42201,
        "Gross Profit": 75639,
        "Financial expenses": 42885,
        "Of which: Interest expense": 42885,
        "Cost of sales": "N/A",
        "Enterprise cost management": 5752,
        "Total Operating Expenses": 48637,
        "Total revenue financing activities": 1233,
        "Net profit from business activities": 28235,
        "Profit": 5,
        "Profit before tax": 28240,
        "Present corporate income tax expenses": "N/A",
        "Deferred income taxes expenses": "N/A",
        "The interests of minority shareholders": "N/A",
        "Total Cost of profits": 0,
        "Profit after tax corporate income": 28240,
        "Volume": 120000000,
        "Close of Quarter": 6.2,
        "EPS": 223.8,
        "Non-adjusted EPS": 235,
        "PE": 26.6,
        "Book Price": 9.4
      }
    }
  ]
}