{
  "ticker": "WCS",
  "data": [
    {
      "quarter": "Q4 2016",
      "income status": {
        "Net sales": 29574,
        "Cost of goods sold": 12916,
        "Gross Profit": 16658,
        "Financial expenses": "N/A",
        "Of which: Interest expense": "N/A",
        "Cost of sales": "N/A",
        "Enterprise cost management": 3443,
        "Total Operating Expenses": 3443,
        "Total revenue financing activities": 1394,
        "Net profit from business activities": 14610,
        "Profit": 688,
        "Profit before tax": 15298,
        "Present corporate income tax expenses": 3330,
        "Deferred income taxes expenses": "N/A",
        "The interests of minority shareholders": "N/A",
        "Total Cost of profits": 3330,
        "Profit after tax corporate income": 11968,
        "Volume": 2500000,
        "Close of Quarter": 182.5,
        "EPS": 22327,
        "Non-adjusted EPS": 22327,
        "PE": 8.2,
        "Book Price": 78.3
      }
    },
    {
      "quarter": "Q3 2016",
      "income status": {
        "Net sales": 30275,
        "Cost of goods sold": 12868,
        "Gross Profit": 17407,
        "Financial expenses": 88,
        "Of which: Interest expense": "N/A",
        "Cost of sales": "N/A",
        "Enterprise cost management": 2695,
        "Total Operating Expenses": 2783,
        "Total revenue financing activities": 3761,
        "Net profit from business activities": 18385,
        "Profit": 678,
        "Profit before tax": 19063,
        "Present corporate income tax expenses": 3813,
        "Deferred income taxes expenses": "N/A",
        "The interests of minority shareholders": "N/A",
        "Total Cost of profits": 3813,
        "Profit after tax corporate income": 15250,
        "Volume": 2500000,
        "Close of Quarter": 175.0,
        "EPS": 22736,
        "Non-adjusted EPS": 22736,
        "PE": 7.7,
        "Book Price": 74.8
      }
    },
    {
      "quarter": "Q2 2016",
      "income status": {
        "Net sales": 29974,
        "Cost of goods sold": 12469,
        "Gross Profit": 17505,
        "Financial expenses": "N/A",
        "Of which: Interest expense": "N/A",
        "Cost of sales": "N/A",
        "Enterprise cost management": 2646,
        "Total Operating Expenses": 2646,
        "Total revenue financing activities": 3052,
        "Net profit from business activities": 17911,
        "Profit": 658,
        "Profit before tax": 18569,
        "Present corporate income tax expenses": 3649,
        "Deferred income taxes expenses": "N/A",
        "The interests of minority shareholders": "N/A",
        "Total Cost of profits": 3649,
        "Profit after tax corporate income": 14920,
        "Volume": 2500000,
        "Close of Quarter": 170.1,
        "EPS": 21524,
        "Non-adjusted EPS": 21524,
        "PE": 7.9,
        "Book Price": 70.3
      }
    },
    {
      "quarter": "Q1 2016",
      "income status": {
        "Net sales": 29423,
        "Cost of goods sold": 11749,
        "Gross Profit": 17674,
        "Financial expenses": "N/A",
        "Of which: Interest expense": "N/A",
        "Cost of sales": "N/A",
        "Enterprise cost management": 2740,
        "Total Operating Expenses": 2740,
        "Total revenue financing activities": 1571,
        "Net profit from business activities": 16505,
        "Profit": 594,
        "Profit before tax": 17098,
        "Present corporate income tax expenses": 3420,
        "Deferred income taxes expenses": "N/A",
        "The interests of minority shareholders": "N/A",
        "Total Cost of profits": 3420,
        "Profit after tax corporate income": 13679,
        "Volume": 2500000,
        "Close of Quarter": 161.0,
        "EPS": 20072,
        "Non-adjusted EPS": 20072,
        "PE": 8.0,
        "Book Price": 67.5
      }
    },
    {
      "quarter": "Q4 2015",
      "income status": {
        "Net sales": 27626,
        "Cost of goods sold": 11452,
        "Gross Profit": 16174,
        "Financial expenses": "N/A",
        "Of which: Interest expense": "N/A",
        "Cost of sales": "N/A",
        "Enterprise cost management": 2236,
        "Total Operating Expenses": 2236,
        "Total revenue financing activities": 2150,
        "Net profit from business activities": 16088,
        "Profit": 594,
        "Profit before tax": 16681,
        "Present corporate income tax expenses": 3690,
        "Deferred income taxes expenses": "N/A",
        "The interests of minority shareholders": "N/A",
        "Total Cost of profits": 3690,
        "Profit after tax corporate income": 12991,
        "Volume": 2500000,
        "Close of Quarter": 147.4,
        "EPS": 19310,
        "Non-adjusted EPS": 19310,
        "PE": 7.6,
        "Book Price": 62
      }
    },
    {
      "quarter": "Q3 2015",
      "income status": {
        "Net sales": 27025,
        "Cost of goods sold": 11021,
        "Gross Profit": 16004,
        "Financial expenses": "N/A",
        "Of which: Interest expense": "N/A",
        "Cost of sales": "N/A",
        "Enterprise cost management": 2510,
        "Total Operating Expenses": 2510,
        "Total revenue financing activities": 1493,
        "Net profit from business activities": 14988,
        "Profit": 559,
        "Profit before tax": 15547,
        "Present corporate income tax expenses": 3328,
        "Deferred income taxes expenses": "N/A",
        "The interests of minority shareholders": "N/A",
        "Total Cost of profits": 3328,
        "Profit after tax corporate income": 12219,
        "Volume": 2500000,
        "Close of Quarter": 140.6,
        "EPS": 22991,
        "Non-adjusted EPS": 22991,
        "PE": 6.1,
        "Book Price": 61.2
      }
    },
    {
      "quarter": "Q2 2015",
      "income status": {
        "Net sales": 26869,
        "Cost of goods sold": 11744,
        "Gross Profit": 15125,
        "Financial expenses": "N/A",
        "Of which: Interest expense": "N/A",
        "Cost of sales": "N/A",
        "Enterprise cost management": 2579,
        "Total Operating Expenses": 2579,
        "Total revenue financing activities": 1426,
        "Net profit from business activities": 13973,
        "Profit": 505,
        "Profit before tax": 14477,
        "Present corporate income tax expenses": 3185,
        "Deferred income taxes expenses": "N/A",
        "The interests of minority shareholders": "N/A",
        "Total Cost of profits": 3185,
        "Profit after tax corporate income": 11292,
        "Volume": 2500000,
        "Close of Quarter": 140.6,
        "EPS": 22340,
        "Non-adjusted EPS": 22340,
        "PE": 6.3,
        "Book Price": 57.7
      }
    },
    {
      "quarter": "Q1 2015",
      "income status": {
        "Net sales": 26659,
        "Cost of goods sold": 11345,
        "Gross Profit": 15314,
        "Financial expenses": "N/A",
        "Of which: Interest expense": "N/A",
        "Cost of sales": "N/A",
        "Enterprise cost management": 2583,
        "Total Operating Expenses": 2583,
        "Total revenue financing activities": 1551,
        "Net profit from business activities": 14283,
        "Profit": 812,
        "Profit before tax": 15095,
        "Present corporate income tax expenses": 3321,
        "Deferred income taxes expenses": "N/A",
        "The interests of minority shareholders": "N/A",
        "Total Cost of profits": 3321,
        "Profit after tax corporate income": 11774,
        "Volume": 2500000,
        "Close of Quarter": 121.2,
        "EPS": 22856,
        "Non-adjusted EPS": 22856,
        "PE": 5.3,
        "Book Price": 53.2
      }
    },
    {
      "quarter": "Q4 2014",
      "income status": {
        "Net sales": 24737,
        "Cost of goods sold": 12422,
        "Gross Profit": 12315,
        "Financial expenses": "N/A",
        "Of which: Interest expense": "N/A",
        "Cost of sales": "N/A",
        "Enterprise cost management": 2495,
        "Total Operating Expenses": 2495,
        "Total revenue financing activities": 1340,
        "Net profit from business activities": 11159,
        "Profit": 17965,
        "Profit before tax": 29124,
        "Present corporate income tax expenses": 6932,
        "Deferred income taxes expenses": "N/A",
        "The interests of minority shareholders": "N/A",
        "Total Cost of profits": 6932,
        "Profit after tax corporate income": 22192,
        "Volume": 2500000,
        "Close of Quarter": 137.0,
        "EPS": 21331,
        "Non-adjusted EPS": 21331,
        "PE": 6.4,
        "Book Price": 47.4
      }
    },
    {
      "quarter": "Q3 2014",
      "income status": {
        "Net sales": 24397,
        "Cost of goods sold": 10325,
        "Gross Profit": 14072,
        "Financial expenses": "N/A",
        "Of which: Interest expense": "N/A",
        "Cost of sales": "N/A",
        "Enterprise cost management": 2519,
        "Total Operating Expenses": 2519,
        "Total revenue financing activities": 1347,
        "Net profit from business activities": 12900,
        "Profit": 680,
        "Profit before tax": 13580,
        "Present corporate income tax expenses": 2988,
        "Deferred income taxes expenses": "N/A",
        "The interests of minority shareholders": "N/A",
        "Total Cost of profits": 2988,
        "Profit after tax corporate income": 10592,
        "Volume": 2500000,
        "Close of Quarter": 126.8,
        "EPS": 15169,
        "Non-adjusted EPS": 15169,
        "PE": 8.4,
        "Book Price": 45.4
      }
    },
    {
      "quarter": "Q2 2014",
      "income status": {
        "Net sales": 23249,
        "Cost of goods sold": 7649,
        "Gross Profit": 15600,
        "Financial expenses": "N/A",
        "Of which: Interest expense": "N/A",
        "Cost of sales": "N/A",
        "Enterprise cost management": 2380,
        "Total Operating Expenses": 2380,
        "Total revenue financing activities": 2075,
        "Net profit from business activities": 15295,
        "Profit": 633,
        "Profit before tax": 15928,
        "Present corporate income tax expenses": 3346,
        "Deferred income taxes expenses": "N/A",
        "The interests of minority shareholders": "N/A",
        "Total Cost of profits": 3346,
        "Profit after tax corporate income": 12583,
        "Volume": 2500000,
        "Close of Quarter": 72.3,
        "EPS": 13786,
        "Non-adjusted EPS": 13786,
        "PE": 5.2,
        "Book Price": 41.6
      }
    },
    {
      "quarter": "Q1 2014",
      "income status": {
        "Net sales": 21718,
        "Cost of goods sold": 10946,
        "Gross Profit": 10772,
        "Financial expenses": "N/A",
        "Of which: Interest expense": "N/A",
        "Cost of sales": "N/A",
        "Enterprise cost management": 2190,
        "Total Operating Expenses": 2190,
        "Total revenue financing activities": 1164,
        "Net profit from business activities": 9746,
        "Profit": 460,
        "Profit before tax": 10206,
        "Present corporate income tax expenses": 2245,
        "Deferred income taxes expenses": "N/A",
        "The interests of minority shareholders": "N/A",
        "Total Cost of profits": 2245,
        "Profit after tax corporate income": 7961,
        "Volume": 2500000,
        "Close of Quarter": 73.1,
        "EPS": 11370,
        "Non-adjusted EPS": 11370,
        "PE": 6.4,
        "Book Price": 37
      }
    },
    {
      "quarter": "Q4 2013",
      "income status": {
        "Net sales": 19307,
        "Cost of goods sold": 11037,
        "Gross Profit": 8270,
        "Financial expenses": "N/A",
        "Of which: Interest expense": "N/A",
        "Cost of sales": "N/A",
        "Enterprise cost management": 1844,
        "Total Operating Expenses": 1844,
        "Total revenue financing activities": 2277,
        "Net profit from business activities": 8703,
        "Profit": 347,
        "Profit before tax": 9050,
        "Present corporate income tax expenses": 2262,
        "Deferred income taxes expenses": "N/A",
        "The interests of minority shareholders": "N/A",
        "Total Cost of profits": 2262,
        "Profit after tax corporate income": 6787,
        "Volume": 2500000,
        "Close of Quarter": 59.6,
        "EPS": 10788,
        "Non-adjusted EPS": 10788,
        "PE": 5.5,
        "Book Price": 34.2
      }
    },
    {
      "quarter": "Q3 2013",
      "income status": {
        "Net sales": 18955,
        "Cost of goods sold": 10123,
        "Gross Profit": 8832,
        "Financial expenses": "N/A",
        "Of which: Interest expense": "N/A",
        "Cost of sales": "N/A",
        "Enterprise cost management": 1907,
        "Total Operating Expenses": 1907,
        "Total revenue financing activities": 2253,
        "Net profit from business activities": 9178,
        "Profit": 333,
        "Profit before tax": 9511,
        "Present corporate income tax expenses": 2378,
        "Deferred income taxes expenses": "N/A",
        "The interests of minority shareholders": "N/A",
        "Total Cost of profits": 2378,
        "Profit after tax corporate income": 7133,
        "Volume": 2500000,
        "Close of Quarter": 53.2,
        "EPS": 10033,
        "Non-adjusted EPS": 10033,
        "PE": 5.3,
        "Book Price": 36.5
      }
    },
    {
      "quarter": "Q2 2013",
      "income status": {
        "Net sales": 19487,
        "Cost of goods sold": 10052,
        "Gross Profit": 9435,
        "Financial expenses": "N/A",
        "Of which: Interest expense": "N/A",
        "Cost of sales": "N/A",
        "Enterprise cost management": 2183,
        "Total Operating Expenses": 2183,
        "Total revenue financing activities": 1145,
        "Net profit from business activities": 8397,
        "Profit": 328,
        "Profit before tax": 8724,
        "Present corporate income tax expenses": 2181,
        "Deferred income taxes expenses": "N/A",
        "The interests of minority shareholders": "N/A",
        "Total Cost of profits": 2181,
        "Profit after tax corporate income": 6543,
        "Volume": 2500000,
        "Close of Quarter": 43.6,
        "EPS": 9764,
        "Non-adjusted EPS": 9764,
        "PE": 4.5,
        "Book Price": 33.7
      }
    },
    {
      "quarter": "Q1 2013",
      "income status": {
        "Net sales": 18777,
        "Cost of goods sold": 10164,
        "Gross Profit": 8613,
        "Financial expenses": "N/A",
        "Of which: Interest expense": "N/A",
        "Cost of sales": "N/A",
        "Enterprise cost management": 2075,
        "Total Operating Expenses": 2075,
        "Total revenue financing activities": 1838,
        "Net profit from business activities": 8376,
        "Profit": 302,
        "Profit before tax": 8678,
        "Present corporate income tax expenses": 2169,
        "Deferred income taxes expenses": "N/A",
        "The interests of minority shareholders": "N/A",
        "Total Cost of profits": 2169,
        "Profit after tax corporate income": 6508,
        "Volume": 2500000,
        "Close of Quarter": 43.1,
        "EPS": 9946,
        "Non-adjusted EPS": 9946,
        "PE": 4.3,
        "Book Price": 31.6
      }
    },
    {
      "quarter": "Q4 2012",
      "income status": {
        "Net sales": 17387,
        "Cost of goods sold": 11013,
        "Gross Profit": 6374,
        "Financial expenses": "N/A",
        "Of which: Interest expense": "N/A",
        "Cost of sales": "N/A",
        "Enterprise cost management": 1558,
        "Total Operating Expenses": 1558,
        "Total revenue financing activities": 1432,
        "Net profit from business activities": 6249,
        "Profit": 283,
        "Profit before tax": 6531,
        "Present corporate income tax expenses": 1633,
        "Deferred income taxes expenses": "N/A",
        "The interests of minority shareholders": "N/A",
        "Total Cost of profits": 1633,
        "Profit after tax corporate income": 4898,
        "Volume": 2500000,
        "Close of Quarter": 36.5,
        "EPS": 9960,
        "Non-adjusted EPS": 9960,
        "PE": 3.7,
        "Book Price": 29
      }
    },
    {
      "quarter": "Q3 2012",
      "income status": {
        "Net sales": 17653,
        "Cost of goods sold": 8967,
        "Gross Profit": 8686,
        "Financial expenses": "N/A",
        "Of which: Interest expense": "N/A",
        "Cost of sales": "N/A",
        "Enterprise cost management": 1886,
        "Total Operating Expenses": 1886,
        "Total revenue financing activities": 1384,
        "Net profit from business activities": 8183,
        "Profit": 432,
        "Profit before tax": 8615,
        "Present corporate income tax expenses": 2154,
        "Deferred income taxes expenses": "N/A",
        "The interests of minority shareholders": "N/A",
        "Total Cost of profits": 2154,
        "Profit after tax corporate income": 6462,
        "Volume": 2500000,
        "Close of Quarter": 32.4,
        "EPS": 9744,
        "Non-adjusted EPS": 9744,
        "PE": 3.3,
        "Book Price": 31.8
      }
    },
    {
      "quarter": "Q2 2012",
      "income status": {
        "Net sales": 17700,
        "Cost of goods sold": 9197,
        "Gross Profit": 8503,
        "Financial expenses": "N/A",
        "Of which: Interest expense": "N/A",
        "Cost of sales": "N/A",
        "Enterprise cost management": 2008,
        "Total Operating Expenses": 2008,
        "Total revenue financing activities": 2440,
        "Net profit from business activities": 8934,
        "Profit": 247,
        "Profit before tax": 9181,
        "Present corporate income tax expenses": 2183,
        "Deferred income taxes expenses": "N/A",
        "The interests of minority shareholders": "N/A",
        "Total Cost of profits": 2183,
        "Profit after tax corporate income": 6998,
        "Volume": 2500000,
        "Close of Quarter": 30.0,
        "EPS": 9025,
        "Non-adjusted EPS": 9025,
        "PE": 3.3,
        "Book Price": 30
      }
    },
    {
      "quarter": "Q1 2012",
      "income status": {
        "Net sales": 17607,
        "Cost of goods sold": 9009,
        "Gross Profit": 8598,
        "Financial expenses": "N/A",
        "Of which: Interest expense": "N/A",
        "Cost of sales": "N/A",
        "Enterprise cost management": 1898,
        "Total Operating Expenses": 1898,
        "Total revenue financing activities": 1666,
        "Net profit from business activities": 8366,
        "Profit": 358,
        "Profit before tax": 8724,
        "Present corporate income tax expenses": 2181,
        "Deferred income taxes expenses": "N/A",
        "The interests of minority shareholders": "N/A",
        "Total Cost of profits": 2181,
        "Profit after tax corporate income": 6543,
        "Volume": 2500000,
        "Close of Quarter": 28.5,
        "EPS": 7830,
        "Non-adjusted EPS": 7830,
        "PE": 3.6,
        "Book Price": 27.2
      }
    },
    {
      "quarter": "Q4 2011",
      "income status": {
        "Net sales": 13575,
        "Cost of goods sold": 9423,
        "Gross Profit": 4151,
        "Financial expenses": "N/A",
        "Of which: Interest expense": "N/A",
        "Cost of sales": "N/A",
        "Enterprise cost management": 1267,
        "Total Operating Expenses": 1267,
        "Total revenue financing activities": 2680,
        "Net profit from business activities": 5564,
        "Profit": 244,
        "Profit before tax": 5809,
        "Present corporate income tax expenses": 1452,
        "Deferred income taxes expenses": "N/A",
        "The interests of minority shareholders": "N/A",
        "Total Cost of profits": 1452,
        "Profit after tax corporate income": 4357,
        "Volume": 2500000,
        "Close of Quarter": 25.5,
        "EPS": 7404,
        "Non-adjusted EPS": 7404,
        "PE": 3.5,
        "Book Price": 24.6
      }
    },
    {
      "quarter": "Q3 2011",
      "income status": {
        "Net sales": 11796,
        "Cost of goods sold": 6509,
        "Gross Profit": 5288,
        "Financial expenses": "N/A",
        "Of which: Interest expense": "N/A",
        "Cost of sales": "N/A",
        "Enterprise cost management": 1703,
        "Total Operating Expenses": 1703,
        "Total revenue financing activities": 2446,
        "Net profit from business activities": 6031,
        "Profit": 187,
        "Profit before tax": 6218,
        "Present corporate income tax expenses": 1555,
        "Deferred income taxes expenses": "N/A",
        "The interests of minority shareholders": "N/A",
        "Total Cost of profits": 1555,
        "Profit after tax corporate income": 4664,
        "Volume": 2500000,
        "Close of Quarter": 17.4,
        "EPS": 7034,
        "Non-adjusted EPS": 7034,
        "PE": 2.5,
        "Book Price": 26.5
      }
    },
    {
      "quarter": "Q2 2011",
      "income status": {
        "Net sales": 11584,
        "Cost of goods sold": 5659,
        "Gross Profit": 5925,
        "Financial expenses": "N/A",
        "Of which: Interest expense": "N/A",
        "Cost of sales": "N/A",
        "Enterprise cost management": 1671,
        "Total Operating Expenses": 1671,
        "Total revenue financing activities": 854,
        "Net profit from business activities": 5108,
        "Profit": 238,
        "Profit before tax": 5346,
        "Present corporate income tax expenses": 1337,
        "Deferred income taxes expenses": "N/A",
        "The interests of minority shareholders": "N/A",
        "Total Cost of profits": 1337,
        "Profit after tax corporate income": 4010,
        "Volume": 2500000,
        "Close of Quarter": 19.3,
        "EPS": 7176,
        "Non-adjusted EPS": 7176,
        "PE": 2.7,
        "Book Price": 25
      }
    },
    {
      "quarter": "Q1 2011",
      "income status": {
        "Net sales": 11311,
        "Cost of goods sold": 5179,
        "Gross Profit": 6132,
        "Financial expenses": "N/A",
        "Of which: Interest expense": "N/A",
        "Cost of sales": "N/A",
        "Enterprise cost management": 1556,
        "Total Operating Expenses": 1556,
        "Total revenue financing activities": 2393,
        "Net profit from business activities": 6969,
        "Profit": 203,
        "Profit before tax": 7172,
        "Present corporate income tax expenses": 1693,
        "Deferred income taxes expenses": "N/A",
        "The interests of minority shareholders": "N/A",
        "Total Cost of profits": 1693,
        "Profit after tax corporate income": 5479,
        "Volume": 2500000,
        "Close of Quarter": 25.2,
        "EPS": 7335,
        "Non-adjusted EPS": 7335,
        "PE": 3.4,
        "Book Price": 23.4
      }
    }
  ]
}