{
  "ticker": "PSW",
  "data": [
    {
      "quarter": "Q4 2016",
      "income status": {
        "Net sales": 625666,
        "Cost of goods sold": 603276,
        "Gross Profit": 22391,
        "Financial expenses": "N/A",
        "Of which: Interest expense": "N/A",
        "Cost of sales": 10963,
        "Enterprise cost management": 7562,
        "Total Operating Expenses": 18525,
        "Total revenue financing activities": 2520,
        "Net profit from business activities": 6386,
        "Profit": "N/A",
        "Profit before tax": 6386,
        "Present corporate income tax expenses": 1290,
        "Deferred income taxes expenses": "N/A",
        "The interests of minority shareholders": "N/A",
        "Total Cost of profits": 1290,
        "Profit after tax corporate income": 5097,
        "Volume": 17000000,
        "Close of Quarter": 13.2,
        "EPS": 1654,
        "Non-adjusted EPS": 1654,
        "PE": 8.0,
        "Book Price": 12.6
      }
    },
    {
      "quarter": "Q3 2016",
      "income status": {
        "Net sales": 472858,
        "Cost of goods sold": 449092,
        "Gross Profit": 23766,
        "Financial expenses": "N/A",
        "Of which: Interest expense": "N/A",
        "Cost of sales": 8120,
        "Enterprise cost management": 5055,
        "Total Operating Expenses": 13175,
        "Total revenue financing activities": 1116,
        "Net profit from business activities": 11707,
        "Profit": 10,
        "Profit before tax": 11717,
        "Present corporate income tax expenses": 2343,
        "Deferred income taxes expenses": "N/A",
        "The interests of minority shareholders": "N/A",
        "Total Cost of profits": 2343,
        "Profit after tax corporate income": 9373,
        "Volume": 17000000,
        "Close of Quarter": 9.5,
        "EPS": 1962,
        "Non-adjusted EPS": 1962,
        "PE": 4.9,
        "Book Price": 12.9
      }
    },
    {
      "quarter": "Q2 2016",
      "income status": {
        "Net sales": 657057,
        "Cost of goods sold": 633592,
        "Gross Profit": 23465,
        "Financial expenses": "N/A",
        "Of which: Interest expense": "N/A",
        "Cost of sales": 7755,
        "Enterprise cost management": 6504,
        "Total Operating Expenses": 14259,
        "Total revenue financing activities": 2255,
        "Net profit from business activities": 11460,
        "Profit": "N/A",
        "Profit before tax": 11460,
        "Present corporate income tax expenses": 2292,
        "Deferred income taxes expenses": "N/A",
        "The interests of minority shareholders": "N/A",
        "Total Cost of profits": 2292,
        "Profit after tax corporate income": 9168,
        "Volume": 17000000,
        "Close of Quarter": 10.6,
        "EPS": 1863,
        "Non-adjusted EPS": 1863,
        "PE": 5.7,
        "Book Price": 12.5
      }
    },
    {
      "quarter": "Q1 2016",
      "income status": {
        "Net sales": 482414,
        "Cost of goods sold": 467850,
        "Gross Profit": 14564,
        "Financial expenses": "N/A",
        "Of which: Interest expense": "N/A",
        "Cost of sales": 5557,
        "Enterprise cost management": 4824,
        "Total Operating Expenses": 10381,
        "Total revenue financing activities": 1413,
        "Net profit from business activities": 5596,
        "Profit": 3,
        "Profit before tax": 5598,
        "Present corporate income tax expenses": 1120,
        "Deferred income taxes expenses": "N/A",
        "The interests of minority shareholders": "N/A",
        "Total Cost of profits": 1120,
        "Profit after tax corporate income": 4479,
        "Volume": 17000000,
        "Close of Quarter": 11.8,
        "EPS": 1806,
        "Non-adjusted EPS": 1806,
        "PE": 6.5,
        "Book Price": 12.9
      }
    },
    {
      "quarter": "Q4 2015",
      "income status": {
        "Net sales": 736297,
        "Cost of goods sold": 714982,
        "Gross Profit": 21315,
        "Financial expenses": "N/A",
        "Of which: Interest expense": "N/A",
        "Cost of sales": 7387,
        "Enterprise cost management": 5429,
        "Total Operating Expenses": 12816,
        "Total revenue financing activities": 1237,
        "Net profit from business activities": 9736,
        "Profit": 3545,
        "Profit before tax": 13281,
        "Present corporate income tax expenses": 2946,
        "Deferred income taxes expenses": "N/A",
        "The interests of minority shareholders": "N/A",
        "Total Cost of profits": 2946,
        "Profit after tax corporate income": 10335,
        "Volume": 17000000,
        "Close of Quarter": 8.9,
        "EPS": 1885,
        "Non-adjusted EPS": 1885,
        "PE": 4.7,
        "Book Price": 12.6
      }
    },
    {
      "quarter": "Q3 2015",
      "income status": {
        "Net sales": 510182,
        "Cost of goods sold": 488139,
        "Gross Profit": 22043,
        "Financial expenses": "N/A",
        "Of which: Interest expense": "N/A",
        "Cost of sales": 6897,
        "Enterprise cost management": 6608,
        "Total Operating Expenses": 13505,
        "Total revenue financing activities": 1328,
        "Net profit from business activities": 9867,
        "Profit": "N/A",
        "Profit before tax": 9867,
        "Present corporate income tax expenses": 2171,
        "Deferred income taxes expenses": "N/A",
        "The interests of minority shareholders": "N/A",
        "Total Cost of profits": 2171,
        "Profit after tax corporate income": 7696,
        "Volume": 17000000,
        "Close of Quarter": 8.1,
        "EPS": 1998,
        "Non-adjusted EPS": 1998,
        "PE": 4.1,
        "Book Price": 12.2
      }
    },
    {
      "quarter": "Q2 2015",
      "income status": {
        "Net sales": 783995,
        "Cost of goods sold": 763205,
        "Gross Profit": 20790,
        "Financial expenses": "N/A",
        "Of which: Interest expense": "N/A",
        "Cost of sales": 5689,
        "Enterprise cost management": 5665,
        "Total Operating Expenses": 11354,
        "Total revenue financing activities": 1067,
        "Net profit from business activities": 10503,
        "Profit": "N/A",
        "Profit before tax": 10503,
        "Present corporate income tax expenses": 2311,
        "Deferred income taxes expenses": "N/A",
        "The interests of minority shareholders": "N/A",
        "Total Cost of profits": 2311,
        "Profit after tax corporate income": 8193,
        "Volume": 17000000,
        "Close of Quarter": "N/A",
        "EPS": 1892,
        "Non-adjusted EPS": 1892,
        "PE": "N/A",
        "Book Price": 12.6
      }
    },
    {
      "quarter": "Q1 2015",
      "income status": {
        "Net sales": 569595,
        "Cost of goods sold": 553184,
        "Gross Profit": 16411,
        "Financial expenses": "N/A",
        "Of which: Interest expense": "N/A",
        "Cost of sales": 4535,
        "Enterprise cost management": 4695,
        "Total Operating Expenses": 9230,
        "Total revenue financing activities": 280,
        "Net profit from business activities": 7460,
        "Profit": "N/A",
        "Profit before tax": 7460,
        "Present corporate income tax expenses": 1641,
        "Deferred income taxes expenses": "N/A",
        "The interests of minority shareholders": "N/A",
        "Total Cost of profits": 1641,
        "Profit after tax corporate income": 5819,
        "Volume": 17000000,
        "Close of Quarter": "N/A",
        "EPS": 1410,
        "Non-adjusted EPS": 1410,
        "PE": "N/A",
        "Book Price": 12.9
      }
    },
    {
      "quarter": "Q2 2014",
      "income status": {
        "Net sales": 710486,
        "Cost of goods sold": 686253,
        "Gross Profit": 24233,
        "Financial expenses": "N/A",
        "Of which: Interest expense": "N/A",
        "Cost of sales": 4528,
        "Enterprise cost management": 5725,
        "Total Operating Expenses": 10253,
        "Total revenue financing activities": 1728,
        "Net profit from business activities": 15709,
        "Profit": "N/A",
        "Profit before tax": 15709,
        "Present corporate income tax expenses": 3456,
        "Deferred income taxes expenses": "N/A",
        "The interests of minority shareholders": "N/A",
        "Total Cost of profits": 3456,
        "Profit after tax corporate income": 12253,
        "Volume": 17000000,
        "Close of Quarter": "N/A",
        "EPS": 1067,
        "Non-adjusted EPS": 1067,
        "PE": "N/A",
        "Book Price": "N/A"
      }
    },
    {
      "quarter": "Q1 2014",
      "income status": {
        "Net sales": 472097,
        "Cost of goods sold": 457616,
        "Gross Profit": 14480,
        "Financial expenses": "N/A",
        "Of which: Interest expense": "N/A",
        "Cost of sales": 3757,
        "Enterprise cost management": 4572,
        "Total Operating Expenses": 8329,
        "Total revenue financing activities": 1403,
        "Net profit from business activities": 7554,
        "Profit": "N/A",
        "Profit before tax": 7554,
        "Present corporate income tax expenses": 1662,
        "Deferred income taxes expenses": "N/A",
        "The interests of minority shareholders": "N/A",
        "Total Cost of profits": 1662,
        "Profit after tax corporate income": 5892,
        "Volume": 17000000,
        "Close of Quarter": "N/A",
        "EPS": 347,
        "Non-adjusted EPS": 347,
        "PE": "N/A",
        "Book Price": "N/A"
      }
    }
  ]
}