{
  "ticker": "PMB",
  "data": [
    {
      "quarter": "Q4 2016",
      "income status": {
        "Net sales": 239332,
        "Cost of goods sold": 224371,
        "Gross Profit": 14961,
        "Financial expenses": "N/A",
        "Of which: Interest expense": "N/A",
        "Cost of sales": 10996,
        "Enterprise cost management": 3719,
        "Total Operating Expenses": 14715,
        "Total revenue financing activities": 675,
        "Net profit from business activities": 921,
        "Profit": 6,
        "Profit before tax": 926,
        "Present corporate income tax expenses": 1872,
        "Deferred income taxes expenses": -1629,
        "The interests of minority shareholders": "N/A",
        "Total Cost of profits": 243,
        "Profit after tax corporate income": 684,
        "Volume": 12000000,
        "Close of Quarter": 11.7,
        "EPS": 1747,
        "Non-adjusted EPS": 1747,
        "PE": 6.7,
        "Book Price": 12.9
      }
    },
    {
      "quarter": "Q3 2016",
      "income status": {
        "Net sales": 313631,
        "Cost of goods sold": 297396,
        "Gross Profit": 16235,
        "Financial expenses": "N/A",
        "Of which: Interest expense": "N/A",
        "Cost of sales": 7406,
        "Enterprise cost management": 4136,
        "Total Operating Expenses": 11542,
        "Total revenue financing activities": 716,
        "Net profit from business activities": 5409,
        "Profit": "N/A",
        "Profit before tax": 5409,
        "Present corporate income tax expenses": 1190,
        "Deferred income taxes expenses": "N/A",
        "The interests of minority shareholders": "N/A",
        "Total Cost of profits": 1190,
        "Profit after tax corporate income": 4219,
        "Volume": 12000000,
        "Close of Quarter": 11.9,
        "EPS": 1921,
        "Non-adjusted EPS": 1921,
        "PE": 6.2,
        "Book Price": 12.9
      }
    },
    {
      "quarter": "Q2 2016",
      "income status": {
        "Net sales": 307071,
        "Cost of goods sold": 286906,
        "Gross Profit": 20165,
        "Financial expenses": "N/A",
        "Of which: Interest expense": "N/A",
        "Cost of sales": 10270,
        "Enterprise cost management": 3697,
        "Total Operating Expenses": 13967,
        "Total revenue financing activities": 792,
        "Net profit from business activities": 6990,
        "Profit": 27,
        "Profit before tax": 7017,
        "Present corporate income tax expenses": 1403,
        "Deferred income taxes expenses": "N/A",
        "The interests of minority shareholders": "N/A",
        "Total Cost of profits": 1403,
        "Profit after tax corporate income": 5614,
        "Volume": 12000000,
        "Close of Quarter": 12.7,
        "EPS": 1921,
        "Non-adjusted EPS": 1921,
        "PE": 6.6,
        "Book Price": 12.6
      }
    },
    {
      "quarter": "Q1 2016",
      "income status": {
        "Net sales": 456456,
        "Cost of goods sold": 428237,
        "Gross Profit": 28219,
        "Financial expenses": "N/A",
        "Of which: Interest expense": "N/A",
        "Cost of sales": 11331,
        "Enterprise cost management": 4361,
        "Total Operating Expenses": 15692,
        "Total revenue financing activities": 532,
        "Net profit from business activities": 13058,
        "Profit": 25,
        "Profit before tax": 13083,
        "Present corporate income tax expenses": 777,
        "Deferred income taxes expenses": 1858,
        "The interests of minority shareholders": "N/A",
        "Total Cost of profits": 2635,
        "Profit after tax corporate income": 10448,
        "Volume": 12000000,
        "Close of Quarter": 9.8,
        "EPS": 1918,
        "Non-adjusted EPS": 1918,
        "PE": 5.1,
        "Book Price": 13.9
      }
    },
    {
      "quarter": "Q4 2015",
      "income status": {
        "Net sales": 291726,
        "Cost of goods sold": 275947,
        "Gross Profit": 15779,
        "Financial expenses": "N/A",
        "Of which: Interest expense": "N/A",
        "Cost of sales": 8815,
        "Enterprise cost management": 4323,
        "Total Operating Expenses": 13138,
        "Total revenue financing activities": 947,
        "Net profit from business activities": 3588,
        "Profit": 131,
        "Profit before tax": 3718,
        "Present corporate income tax expenses": 2804,
        "Deferred income taxes expenses": -1858,
        "The interests of minority shareholders": "N/A",
        "Total Cost of profits": 946,
        "Profit after tax corporate income": 2773,
        "Volume": 12000000,
        "Close of Quarter": 9.9,
        "EPS": 2098,
        "Non-adjusted EPS": 2098,
        "PE": 4.7,
        "Book Price": 13.2
      }
    },
    {
      "quarter": "Q3 2015",
      "income status": {
        "Net sales": 313631,
        "Cost of goods sold": 297396,
        "Gross Profit": 16235,
        "Financial expenses": "N/A",
        "Of which: Interest expense": "N/A",
        "Cost of sales": 7406,
        "Enterprise cost management": 4136,
        "Total Operating Expenses": 11542,
        "Total revenue financing activities": 716,
        "Net profit from business activities": 5409,
        "Profit": "N/A",
        "Profit before tax": 5409,
        "Present corporate income tax expenses": 1190,
        "Deferred income taxes expenses": "N/A",
        "The interests of minority shareholders": "N/A",
        "Total Cost of profits": 1190,
        "Profit after tax corporate income": 4219,
        "Volume": 12000000,
        "Close of Quarter": "N/A",
        "EPS": 2225,
        "Non-adjusted EPS": 2225,
        "PE": "N/A",
        "Book Price": 13
      }
    },
    {
      "quarter": "Q2 2015",
      "income status": {
        "Net sales": 347318,
        "Cost of goods sold": 331420,
        "Gross Profit": 15898,
        "Financial expenses": "N/A",
        "Of which: Interest expense": "N/A",
        "Cost of sales": 6150,
        "Enterprise cost management": 3182,
        "Total Operating Expenses": 9332,
        "Total revenue financing activities": 585,
        "Net profit from business activities": 7150,
        "Profit": 3,
        "Profit before tax": 7153,
        "Present corporate income tax expenses": 1576,
        "Deferred income taxes expenses": "N/A",
        "The interests of minority shareholders": "N/A",
        "Total Cost of profits": 1576,
        "Profit after tax corporate income": 5577,
        "Volume": 12000000,
        "Close of Quarter": "N/A",
        "EPS": 2946,
        "Non-adjusted EPS": 2946,
        "PE": "N/A",
        "Book Price": 12.7
      }
    },
    {
      "quarter": "Q1 2015",
      "income status": {
        "Net sales": 470226,
        "Cost of goods sold": 443693,
        "Gross Profit": 26533,
        "Financial expenses": "N/A",
        "Of which: Interest expense": "N/A",
        "Cost of sales": 6181,
        "Enterprise cost management": 4613,
        "Total Operating Expenses": 10794,
        "Total revenue financing activities": 425,
        "Net profit from business activities": 16164,
        "Profit": 3,
        "Profit before tax": 16168,
        "Present corporate income tax expenses": 1121,
        "Deferred income taxes expenses": 2436,
        "The interests of minority shareholders": "N/A",
        "Total Cost of profits": 3557,
        "Profit after tax corporate income": 12611,
        "Volume": 12000000,
        "Close of Quarter": "N/A",
        "EPS": 2482,
        "Non-adjusted EPS": 2482,
        "PE": "N/A",
        "Book Price": 13.2
      }
    },
    {
      "quarter": "Q2 2014",
      "income status": {
        "Net sales": 281568,
        "Cost of goods sold": 267715,
        "Gross Profit": 13853,
        "Financial expenses": "N/A",
        "Of which: Interest expense": "N/A",
        "Cost of sales": 5265,
        "Enterprise cost management": 3752,
        "Total Operating Expenses": 9017,
        "Total revenue financing activities": 672,
        "Net profit from business activities": 5509,
        "Profit": 1,
        "Profit before tax": 5510,
        "Present corporate income tax expenses": 1212,
        "Deferred income taxes expenses": "N/A",
        "The interests of minority shareholders": "N/A",
        "Total Cost of profits": 1212,
        "Profit after tax corporate income": 4298,
        "Volume": 12000000,
        "Close of Quarter": "N/A",
        "EPS": 1431,
        "Non-adjusted EPS": 1431,
        "PE": "N/A",
        "Book Price": "N/A"
      }
    },
    {
      "quarter": "Q1 2014",
      "income status": {
        "Net sales": 469975,
        "Cost of goods sold": 441555,
        "Gross Profit": 28419,
        "Financial expenses": "N/A",
        "Of which: Interest expense": "N/A",
        "Cost of sales": 10488,
        "Enterprise cost management": 5269,
        "Total Operating Expenses": 15757,
        "Total revenue financing activities": 691,
        "Net profit from business activities": 13352,
        "Profit": 4621,
        "Profit before tax": 17973,
        "Present corporate income tax expenses": 5103,
        "Deferred income taxes expenses": "N/A",
        "The interests of minority shareholders": "N/A",
        "Total Cost of profits": 5103,
        "Profit after tax corporate income": 12870,
        "Volume": 12000000,
        "Close of Quarter": "N/A",
        "EPS": 1073,
        "Non-adjusted EPS": 1073,
        "PE": "N/A",
        "Book Price": "N/A"
      }
    }
  ]
}