{
  "ticker": "SKG",
  "data": [
    {
      "quarter": "Q4 2016",
      "income status": {
        "Net sales": 68528,
        "Cost of goods sold": 27680,
        "Gross Profit": 40848,
        "Financial expenses": 29,
        "Of which: Interest expense": "N/A",
        "Cost of sales": 5951,
        "Enterprise cost management": 2156,
        "Total Operating Expenses": 8136,
        "Total revenue financing activities": 4128,
        "Net profit from business activities": 36841,
        "Profit": 244,
        "Profit before tax": 37085,
        "Present corporate income tax expenses": 1667,
        "Deferred income taxes expenses": "N/A",
        "The interests of minority shareholders": "N/A",
        "Total Cost of profits": 1667,
        "Profit after tax corporate income": 35418,
        "Volume": 34271242,
        "Close of Quarter": 52.3,
        "EPS": 6213,
        "Non-adjusted EPS": 6213,
        "PE": 8.4,
        "Book Price": 20.5
      }
    },
    {
      "quarter": "Q3 2016",
      "income status": {
        "Net sales": 98056,
        "Cost of goods sold": 29724,
        "Gross Profit": 68332,
        "Financial expenses": 28,
        "Of which: Interest expense": "N/A",
        "Cost of sales": 7121,
        "Enterprise cost management": 2121,
        "Total Operating Expenses": 9270,
        "Total revenue financing activities": 1066,
        "Net profit from business activities": 60128,
        "Profit": 281,
        "Profit before tax": 60409,
        "Present corporate income tax expenses": 1817,
        "Deferred income taxes expenses": "N/A",
        "The interests of minority shareholders": "N/A",
        "Total Cost of profits": 1817,
        "Profit after tax corporate income": 58592,
        "Volume": 34271242,
        "Close of Quarter": 61.3,
        "EPS": 6279,
        "Non-adjusted EPS": 6279,
        "PE": 9.8,
        "Book Price": 19.5
      }
    },
    {
      "quarter": "Q2 2016",
      "income status": {
        "Net sales": 102365,
        "Cost of goods sold": 30062,
        "Gross Profit": 72303,
        "Financial expenses": 9,
        "Of which: Interest expense": "N/A",
        "Cost of sales": 7790,
        "Enterprise cost management": 1709,
        "Total Operating Expenses": 9508,
        "Total revenue financing activities": 4240,
        "Net profit from business activities": 67034,
        "Profit": 50,
        "Profit before tax": 67084,
        "Present corporate income tax expenses": 2206,
        "Deferred income taxes expenses": "N/A",
        "The interests of minority shareholders": "N/A",
        "Total Cost of profits": 2206,
        "Profit after tax corporate income": 64878,
        "Volume": 24479585,
        "Close of Quarter": 69.7,
        "EPS": 5975.0,
        "Non-adjusted EPS": 8365,
        "PE": 8.3,
        "Book Price": 17.8
      }
    },
    {
      "quarter": "Q1 2016",
      "income status": {
        "Net sales": 86764,
        "Cost of goods sold": 26189,
        "Gross Profit": 60576,
        "Financial expenses": "N/A",
        "Of which: Interest expense": "N/A",
        "Cost of sales": 6539,
        "Enterprise cost management": 1778,
        "Total Operating Expenses": 8317,
        "Total revenue financing activities": 3398,
        "Net profit from business activities": 55656,
        "Profit": 39,
        "Profit before tax": 55695,
        "Present corporate income tax expenses": 1671,
        "Deferred income taxes expenses": "N/A",
        "The interests of minority shareholders": "N/A",
        "Total Cost of profits": 1671,
        "Profit after tax corporate income": 54024,
        "Volume": 24479585,
        "Close of Quarter": 52.9,
        "EPS": 5667.9,
        "Non-adjusted EPS": 7935,
        "PE": 6.7,
        "Book Price": 16.6
      }
    },
    {
      "quarter": "Q4 2015",
      "income status": {
        "Net sales": 68530,
        "Cost of goods sold": 25221,
        "Gross Profit": 43310,
        "Financial expenses": 72,
        "Of which: Interest expense": "N/A",
        "Cost of sales": 5224,
        "Enterprise cost management": 1854,
        "Total Operating Expenses": 7150,
        "Total revenue financing activities": 3107,
        "Net profit from business activities": 39267,
        "Profit": 1,
        "Profit before tax": 39268,
        "Present corporate income tax expenses": 1560,
        "Deferred income taxes expenses": "N/A",
        "The interests of minority shareholders": "N/A",
        "Total Cost of profits": 1560,
        "Profit after tax corporate income": 37708,
        "Volume": 24479585,
        "Close of Quarter": 43.9,
        "EPS": 5105.7,
        "Non-adjusted EPS": 7148,
        "PE": 6.1,
        "Book Price": 15.1
      }
    },
    {
      "quarter": "Q3 2015",
      "income status": {
        "Net sales": 81301,
        "Cost of goods sold": 25456,
        "Gross Profit": 55844,
        "Financial expenses": 9,
        "Of which: Interest expense": "N/A",
        "Cost of sales": 6084,
        "Enterprise cost management": 1408,
        "Total Operating Expenses": 7501,
        "Total revenue financing activities": 1371,
        "Net profit from business activities": 49715,
        "Profit": 22,
        "Profit before tax": 49737,
        "Present corporate income tax expenses": 1586,
        "Deferred income taxes expenses": "N/A",
        "The interests of minority shareholders": "N/A",
        "Total Cost of profits": 1586,
        "Profit after tax corporate income": 48150,
        "Volume": 23999645,
        "Close of Quarter": 40.4,
        "EPS": 4697.5,
        "Non-adjusted EPS": 6708,
        "PE": 6.0,
        "Book Price": 13.5
      }
    },
    {
      "quarter": "Q2 2015",
      "income status": {
        "Net sales": 91520,
        "Cost of goods sold": 28316,
        "Gross Profit": 63204,
        "Financial expenses": "N/A",
        "Of which: Interest expense": "N/A",
        "Cost of sales": 6986,
        "Enterprise cost management": 1380,
        "Total Operating Expenses": 8366,
        "Total revenue financing activities": 1280,
        "Net profit from business activities": 56118,
        "Profit": -2,
        "Profit before tax": 56116,
        "Present corporate income tax expenses": 1761,
        "Deferred income taxes expenses": "N/A",
        "The interests of minority shareholders": "N/A",
        "Total Cost of profits": 1761,
        "Profit after tax corporate income": 54354,
        "Volume": 19999792,
        "Close of Quarter": 23.9,
        "EPS": 4125.9,
        "Non-adjusted EPS": 7070,
        "PE": 3.4,
        "Book Price": 12.1
      }
    },
    {
      "quarter": "Q1 2015",
      "income status": {
        "Net sales": 63623,
        "Cost of goods sold": 22512,
        "Gross Profit": 41111,
        "Financial expenses": "N/A",
        "Of which: Interest expense": "N/A",
        "Cost of sales": 4766,
        "Enterprise cost management": 1490,
        "Total Operating Expenses": 6256,
        "Total revenue financing activities": 1321,
        "Net profit from business activities": 36176,
        "Profit": 11,
        "Profit before tax": 36187,
        "Present corporate income tax expenses": 1420,
        "Deferred income taxes expenses": "N/A",
        "The interests of minority shareholders": "N/A",
        "Total Cost of profits": 1420,
        "Profit after tax corporate income": 34767,
        "Volume": 19999792,
        "Close of Quarter": 18.6,
        "EPS": 3366.6,
        "Non-adjusted EPS": 5769,
        "PE": 3.2,
        "Book Price": 11.0
      }
    },
    {
      "quarter": "Q4 2014",
      "income status": {
        "Net sales": 52338,
        "Cost of goods sold": 25898,
        "Gross Profit": 26440,
        "Financial expenses": "N/A",
        "Of which: Interest expense": "N/A",
        "Cost of sales": 1563,
        "Enterprise cost management": 1735,
        "Total Operating Expenses": 3298,
        "Total revenue financing activities": 1704,
        "Net profit from business activities": 24846,
        "Profit": 7,
        "Profit before tax": 24853,
        "Present corporate income tax expenses": 1126,
        "Deferred income taxes expenses": "N/A",
        "The interests of minority shareholders": "N/A",
        "Total Cost of profits": 1126,
        "Profit after tax corporate income": 23727,
        "Volume": 19999792,
        "Close of Quarter": 18,
        "EPS": 3012.4,
        "Non-adjusted EPS": 5162,
        "PE": 3.5,
        "Book Price": 10.0
      }
    },
    {
      "quarter": "Q3 2014",
      "income status": {
        "Net sales": 59287,
        "Cost of goods sold": 28515,
        "Gross Profit": 30773,
        "Financial expenses": "N/A",
        "Of which: Interest expense": "N/A",
        "Cost of sales": 1267,
        "Enterprise cost management": 1430,
        "Total Operating Expenses": 2697,
        "Total revenue financing activities": 1675,
        "Net profit from business activities": 29751,
        "Profit": 177,
        "Profit before tax": 29928,
        "Present corporate income tax expenses": 1374,
        "Deferred income taxes expenses": "N/A",
        "The interests of minority shareholders": "N/A",
        "Total Cost of profits": 1374,
        "Profit after tax corporate income": 28555,
        "Volume": 17474854,
        "Close of Quarter": 17.2,
        "EPS": 2622.9,
        "Non-adjusted EPS": 5144,
        "PE": 3.3,
        "Book Price": 9.3
      }
    },
    {
      "quarter": "Q2 2014",
      "income status": {
        "Net sales": 61723,
        "Cost of goods sold": 28966,
        "Gross Profit": 32758,
        "Financial expenses": 194,
        "Of which: Interest expense": "N/A",
        "Cost of sales": 1095,
        "Enterprise cost management": 2510,
        "Total Operating Expenses": 3799,
        "Total revenue financing activities": 691,
        "Net profit from business activities": 29649,
        "Profit": 33,
        "Profit before tax": 29681,
        "Present corporate income tax expenses": 1354,
        "Deferred income taxes expenses": "N/A",
        "The interests of minority shareholders": "N/A",
        "Total Cost of profits": 1354,
        "Profit after tax corporate income": 28327,
        "Volume": 17474854,
        "Close of Quarter": "N/A",
        "EPS": 2265.5,
        "Non-adjusted EPS": 4443,
        "PE": "N/A",
        "Book Price": 8.5
      }
    },
    {
      "quarter": "Q1 2014",
      "income status": {
        "Net sales": 50410,
        "Cost of goods sold": 24763,
        "Gross Profit": 25647,
        "Financial expenses": "N/A",
        "Of which: Interest expense": "N/A",
        "Cost of sales": 1066,
        "Enterprise cost management": 1356,
        "Total Operating Expenses": 2422,
        "Total revenue financing activities": 555,
        "Net profit from business activities": 23780,
        "Profit": 24,
        "Profit before tax": 23803,
        "Present corporate income tax expenses": 1175,
        "Deferred income taxes expenses": "N/A",
        "The interests of minority shareholders": "N/A",
        "Total Cost of profits": 1175,
        "Profit after tax corporate income": 22628,
        "Volume": 17474854,
        "Close of Quarter": "N/A",
        "EPS": 1438.9,
        "Non-adjusted EPS": 2822,
        "PE": "N/A",
        "Book Price": 8.3
      }
    },
    {
      "quarter": "Q4 2013",
      "income status": {
        "Net sales": 36756,
        "Cost of goods sold": 24420,
        "Gross Profit": 12336,
        "Financial expenses": 241,
        "Of which: Interest expense": "N/A",
        "Cost of sales": 1379,
        "Enterprise cost management": 1653,
        "Total Operating Expenses": 3273,
        "Total revenue financing activities": 2374,
        "Net profit from business activities": 11437,
        "Profit": 1,
        "Profit before tax": 11438,
        "Present corporate income tax expenses": 1056,
        "Deferred income taxes expenses": "N/A",
        "The interests of minority shareholders": "N/A",
        "Total Cost of profits": 1056,
        "Profit after tax corporate income": 10382,
        "Volume": 17474854,
        "Close of Quarter": "N/A",
        "EPS": 778.6,
        "Non-adjusted EPS": 1527,
        "PE": "N/A",
        "Book Price": 7.7
      }
    },
    {
      "quarter": "Q3 2013",
      "income status": {
        "Net sales": 45778,
        "Cost of goods sold": 25498,
        "Gross Profit": 20281,
        "Financial expenses": 12,
        "Of which: Interest expense": "N/A",
        "Cost of sales": 978,
        "Enterprise cost management": 2620,
        "Total Operating Expenses": 3610,
        "Total revenue financing activities": 632,
        "Net profit from business activities": 17303,
        "Profit": 3,
        "Profit before tax": 17307,
        "Present corporate income tax expenses": 999,
        "Deferred income taxes expenses": "N/A",
        "The interests of minority shareholders": "N/A",
        "Total Cost of profits": 999,
        "Profit after tax corporate income": 16308,
        "Volume": 17474854,
        "Close of Quarter": "N/A",
        "EPS": 475.7,
        "Non-adjusted EPS": 933,
        "PE": "N/A",
        "Book Price": 7.3
      }
    }
  ]
}