{
  "ticker": "HAT",
  "data": [
    {
      "quarter": "Q4 2016",
      "income status": {
        "Net sales": 88104,
        "Cost of goods sold": 106134,
        "Gross Profit": -18030,
        "Financial expenses": 261,
        "Of which: Interest expense": 261,
        "Cost of sales": 11359,
        "Enterprise cost management": 3679,
        "Total Operating Expenses": 15299,
        "Total revenue financing activities": 1740,
        "Net profit from business activities": -31590,
        "Profit": 204,
        "Profit before tax": -31386,
        "Present corporate income tax expenses": -6319,
        "Deferred income taxes expenses": "N/A",
        "The interests of minority shareholders": "N/A",
        "Total Cost of profits": -6319,
        "Profit after tax corporate income": -25067,
        "Volume": 3123000,
        "Close of Quarter": 49.1,
        "EPS": 4774,
        "Non-adjusted EPS": 4774,
        "PE": 10.3,
        "Book Price": 13.1
      }
    },
    {
      "quarter": "Q3 2016",
      "income status": {
        "Net sales": 205460,
        "Cost of goods sold": 172396,
        "Gross Profit": 33064,
        "Financial expenses": "N/A",
        "Of which: Interest expense": "N/A",
        "Cost of sales": 2418,
        "Enterprise cost management": 2442,
        "Total Operating Expenses": 4860,
        "Total revenue financing activities": 1392,
        "Net profit from business activities": 29595,
        "Profit": 30,
        "Profit before tax": 29626,
        "Present corporate income tax expenses": 5925,
        "Deferred income taxes expenses": "N/A",
        "The interests of minority shareholders": "N/A",
        "Total Cost of profits": 5925,
        "Profit after tax corporate income": 23701,
        "Volume": 3123000,
        "Close of Quarter": 46.8,
        "EPS": 12479,
        "Non-adjusted EPS": 12479,
        "PE": 3.8,
        "Book Price": 21.1
      }
    },
    {
      "quarter": "Q2 2016",
      "income status": {
        "Net sales": 235293,
        "Cost of goods sold": 210750,
        "Gross Profit": 24544,
        "Financial expenses": "N/A",
        "Of which: Interest expense": "N/A",
        "Cost of sales": -491,
        "Enterprise cost management": 2649,
        "Total Operating Expenses": 2158,
        "Total revenue financing activities": 2042,
        "Net profit from business activities": 24427,
        "Profit": -1530,
        "Profit before tax": 22897,
        "Present corporate income tax expenses": 4453,
        "Deferred income taxes expenses": "N/A",
        "The interests of minority shareholders": "N/A",
        "Total Cost of profits": 4453,
        "Profit after tax corporate income": 18444,
        "Volume": 3123000,
        "Close of Quarter": 47.9,
        "EPS": 8732,
        "Non-adjusted EPS": 8732,
        "PE": 5.5,
        "Book Price": 13.5
      }
    },
    {
      "quarter": "Q1 2016",
      "income status": {
        "Net sales": 56366,
        "Cost of goods sold": 49105,
        "Gross Profit": 7261,
        "Financial expenses": "N/A",
        "Of which: Interest expense": "N/A",
        "Cost of sales": 9072,
        "Enterprise cost management": 990,
        "Total Operating Expenses": 10062,
        "Total revenue financing activities": 601,
        "Net profit from business activities": -2201,
        "Profit": 31,
        "Profit before tax": -2169,
        "Present corporate income tax expenses": "N/A",
        "Deferred income taxes expenses": "N/A",
        "The interests of minority shareholders": "N/A",
        "Total Cost of profits": 0,
        "Profit after tax corporate income": -2169,
        "Volume": 3123000,
        "Close of Quarter": 62.4,
        "EPS": 8102,
        "Non-adjusted EPS": 8102,
        "PE": 7.7,
        "Book Price": 11.4
      }
    },
    {
      "quarter": "Q4 2015",
      "income status": {
        "Net sales": 97593,
        "Cost of goods sold": 80509,
        "Gross Profit": 17085,
        "Financial expenses": "N/A",
        "Of which: Interest expense": "N/A",
        "Cost of sales": 16440,
        "Enterprise cost management": 3169,
        "Total Operating Expenses": 19609,
        "Total revenue financing activities": 1369,
        "Net profit from business activities": -1155,
        "Profit": 25,
        "Profit before tax": -1130,
        "Present corporate income tax expenses": -126,
        "Deferred income taxes expenses": "N/A",
        "The interests of minority shareholders": "N/A",
        "Total Cost of profits": -126,
        "Profit after tax corporate income": -1005,
        "Volume": 3123000,
        "Close of Quarter": 55.8,
        "EPS": 8788,
        "Non-adjusted EPS": 8788,
        "PE": 6.4,
        "Book Price": 34.5
      }
    },
    {
      "quarter": "Q3 2015",
      "income status": {
        "Net sales": 175497,
        "Cost of goods sold": 147956,
        "Gross Profit": 27541,
        "Financial expenses": "N/A",
        "Of which: Interest expense": "N/A",
        "Cost of sales": 12524,
        "Enterprise cost management": 1452,
        "Total Operating Expenses": 13976,
        "Total revenue financing activities": 1812,
        "Net profit from business activities": 15377,
        "Profit": 8,
        "Profit before tax": 15385,
        "Present corporate income tax expenses": 3385,
        "Deferred income taxes expenses": "N/A",
        "The interests of minority shareholders": "N/A",
        "Total Cost of profits": 3385,
        "Profit after tax corporate income": 12001,
        "Volume": 3123000,
        "Close of Quarter": 56.0,
        "EPS": 8736,
        "Non-adjusted EPS": 8736,
        "PE": 6.4,
        "Book Price": 34.8
      }
    },
    {
      "quarter": "Q2 2015",
      "income status": {
        "Net sales": 202978,
        "Cost of goods sold": 170377,
        "Gross Profit": 32600,
        "Financial expenses": "N/A",
        "Of which: Interest expense": "N/A",
        "Cost of sales": 11070,
        "Enterprise cost management": 1210,
        "Total Operating Expenses": 12280,
        "Total revenue financing activities": 783,
        "Net profit from business activities": 21103,
        "Profit": 11,
        "Profit before tax": 21114,
        "Present corporate income tax expenses": 4640,
        "Deferred income taxes expenses": "N/A",
        "The interests of minority shareholders": "N/A",
        "Total Cost of profits": 4640,
        "Profit after tax corporate income": 16474,
        "Volume": 3123000,
        "Close of Quarter": 62.6,
        "EPS": 9776,
        "Non-adjusted EPS": 9776,
        "PE": 6.4,
        "Book Price": 31
      }
    },
    {
      "quarter": "Q1 2015",
      "income status": {
        "Net sales": 53644,
        "Cost of goods sold": 44167,
        "Gross Profit": 9477,
        "Financial expenses": "N/A",
        "Of which: Interest expense": "N/A",
        "Cost of sales": 9309,
        "Enterprise cost management": 803,
        "Total Operating Expenses": 10112,
        "Total revenue financing activities": 585,
        "Net profit from business activities": -51,
        "Profit": 26,
        "Profit before tax": -24,
        "Present corporate income tax expenses": "N/A",
        "Deferred income taxes expenses": "N/A",
        "The interests of minority shareholders": "N/A",
        "Total Cost of profits": 0,
        "Profit after tax corporate income": -24,
        "Volume": 3123000,
        "Close of Quarter": 49.4,
        "EPS": 7873,
        "Non-adjusted EPS": 7873,
        "PE": 6.3,
        "Book Price": 30
      }
    },
    {
      "quarter": "Q4 2014",
      "income status": {
        "Net sales": 87877,
        "Cost of goods sold": 73037,
        "Gross Profit": 14840,
        "Financial expenses": "N/A",
        "Of which: Interest expense": "N/A",
        "Cost of sales": 12346,
        "Enterprise cost management": 3039,
        "Total Operating Expenses": 15385,
        "Total revenue financing activities": 1342,
        "Net profit from business activities": 798,
        "Profit": 40,
        "Profit before tax": 838,
        "Present corporate income tax expenses": 2004,
        "Deferred income taxes expenses": "N/A",
        "The interests of minority shareholders": "N/A",
        "Total Cost of profits": 2004,
        "Profit after tax corporate income": -1167,
        "Volume": 3123000,
        "Close of Quarter": 55.0,
        "EPS": 7143,
        "Non-adjusted EPS": 7143,
        "PE": 7.7,
        "Book Price": 30
      }
    },
    {
      "quarter": "Q3 2014",
      "income status": {
        "Net sales": 165113,
        "Cost of goods sold": 135998,
        "Gross Profit": 29115,
        "Financial expenses": "N/A",
        "Of which: Interest expense": "N/A",
        "Cost of sales": 10355,
        "Enterprise cost management": 957,
        "Total Operating Expenses": 11312,
        "Total revenue financing activities": 1738,
        "Net profit from business activities": 19541,
        "Profit": 5,
        "Profit before tax": 19546,
        "Present corporate income tax expenses": 4300,
        "Deferred income taxes expenses": "N/A",
        "The interests of minority shareholders": "N/A",
        "Total Cost of profits": 4300,
        "Profit after tax corporate income": 15246,
        "Volume": 3123000,
        "Close of Quarter": 46.5,
        "EPS": 7768,
        "Non-adjusted EPS": 7768,
        "PE": 6.0,
        "Book Price": 30.5
      }
    },
    {
      "quarter": "Q2 2014",
      "income status": {
        "Net sales": 187162,
        "Cost of goods sold": 155096,
        "Gross Profit": 32066,
        "Financial expenses": "N/A",
        "Of which: Interest expense": "N/A",
        "Cost of sales": 17667,
        "Enterprise cost management": 1161,
        "Total Operating Expenses": 18828,
        "Total revenue financing activities": 897,
        "Net profit from business activities": 14134,
        "Profit": -998,
        "Profit before tax": 13136,
        "Present corporate income tax expenses": 2605,
        "Deferred income taxes expenses": "N/A",
        "The interests of minority shareholders": "N/A",
        "Total Cost of profits": 2605,
        "Profit after tax corporate income": 10531,
        "Volume": 3123000,
        "Close of Quarter": 42.9,
        "EPS": 4922,
        "Non-adjusted EPS": 4922,
        "PE": 8.7,
        "Book Price": 25.6
      }
    },
    {
      "quarter": "Q1 2014",
      "income status": {
        "Net sales": 44677,
        "Cost of goods sold": 37694,
        "Gross Profit": 6983,
        "Financial expenses": "N/A",
        "Of which: Interest expense": "N/A",
        "Cost of sales": 9320,
        "Enterprise cost management": 808,
        "Total Operating Expenses": 10128,
        "Total revenue financing activities": 819,
        "Net profit from business activities": -2326,
        "Profit": 22,
        "Profit before tax": -2303,
        "Present corporate income tax expenses": "N/A",
        "Deferred income taxes expenses": "N/A",
        "The interests of minority shareholders": "N/A",
        "Total Cost of profits": 0,
        "Profit after tax corporate income": -2303,
        "Volume": 3123000,
        "Close of Quarter": 46.1,
        "EPS": 4565,
        "Non-adjusted EPS": 4565,
        "PE": 10.1,
        "Book Price": 24.9
      }
    },
    {
      "quarter": "Q4 2013",
      "income status": {
        "Net sales": 76508,
        "Cost of goods sold": 62182,
        "Gross Profit": 14326,
        "Financial expenses": "N/A",
        "Of which: Interest expense": "N/A",
        "Cost of sales": 11049,
        "Enterprise cost management": 1646,
        "Total Operating Expenses": 12695,
        "Total revenue financing activities": 912,
        "Net profit from business activities": 2543,
        "Profit": 2,
        "Profit before tax": 2545,
        "Present corporate income tax expenses": 1760,
        "Deferred income taxes expenses": "N/A",
        "The interests of minority shareholders": "N/A",
        "Total Cost of profits": 1760,
        "Profit after tax corporate income": 785,
        "Volume": 3123000,
        "Close of Quarter": 30.2,
        "EPS": 4858,
        "Non-adjusted EPS": 4858,
        "PE": 6.2,
        "Book Price": 25.7
      }
    },
    {
      "quarter": "Q3 2013",
      "income status": {
        "Net sales": 128077,
        "Cost of goods sold": 105224,
        "Gross Profit": 22852,
        "Financial expenses": "N/A",
        "Of which: Interest expense": "N/A",
        "Cost of sales": 14837,
        "Enterprise cost management": 989,
        "Total Operating Expenses": 15826,
        "Total revenue financing activities": 1444,
        "Net profit from business activities": 8471,
        "Profit": 5,
        "Profit before tax": 8476,
        "Present corporate income tax expenses": 2119,
        "Deferred income taxes expenses": "N/A",
        "The interests of minority shareholders": "N/A",
        "Total Cost of profits": 2119,
        "Profit after tax corporate income": 6357,
        "Volume": 3123000,
        "Close of Quarter": 25.8,
        "EPS": 4310,
        "Non-adjusted EPS": 4310,
        "PE": 6.0,
        "Book Price": 25.8
      }
    },
    {
      "quarter": "Q2 2013",
      "income status": {
        "Net sales": 162668,
        "Cost of goods sold": 132070,
        "Gross Profit": 30598,
        "Financial expenses": "N/A",
        "Of which: Interest expense": "N/A",
        "Cost of sales": 18188,
        "Enterprise cost management": 965,
        "Total Operating Expenses": 19153,
        "Total revenue financing activities": 630,
        "Net profit from business activities": 12075,
        "Profit": 19,
        "Profit before tax": 12094,
        "Present corporate income tax expenses": "N/A",
        "Deferred income taxes expenses": "N/A",
        "The interests of minority shareholders": "N/A",
        "Total Cost of profits": 0,
        "Profit after tax corporate income": 9418,
        "Volume": 3123000,
        "Close of Quarter": 19.6,
        "EPS": 4308,
        "Non-adjusted EPS": 4308,
        "PE": 4.5,
        "Book Price": 23.8
      }
    },
    {
      "quarter": "Q1 2013",
      "income status": {
        "Net sales": 50721,
        "Cost of goods sold": 42197,
        "Gross Profit": 8523,
        "Financial expenses": "N/A",
        "Of which: Interest expense": "N/A",
        "Cost of sales": 9643,
        "Enterprise cost management": 1030,
        "Total Operating Expenses": 10673,
        "Total revenue financing activities": 733,
        "Net profit from business activities": -1417,
        "Profit": 28,
        "Profit before tax": -1389,
        "Present corporate income tax expenses": "N/A",
        "Deferred income taxes expenses": "N/A",
        "The interests of minority shareholders": "N/A",
        "Total Cost of profits": 0,
        "Profit after tax corporate income": -1389,
        "Volume": 3123000,
        "Close of Quarter": 16.6,
        "EPS": 3773,
        "Non-adjusted EPS": 3773,
        "PE": 4.4,
        "Book Price": 23.4
      }
    },
    {
      "quarter": "Q4 2012",
      "income status": {
        "Net sales": 73874,
        "Cost of goods sold": 60626,
        "Gross Profit": 13248,
        "Financial expenses": "N/A",
        "Of which: Interest expense": "N/A",
        "Cost of sales": 11623,
        "Enterprise cost management": 1599,
        "Total Operating Expenses": 13222,
        "Total revenue financing activities": 1067,
        "Net profit from business activities": 1092,
        "Profit": 3,
        "Profit before tax": 1095,
        "Present corporate income tax expenses": 2021,
        "Deferred income taxes expenses": "N/A",
        "The interests of minority shareholders": "N/A",
        "Total Cost of profits": 2021,
        "Profit after tax corporate income": -926,
        "Volume": 3123000,
        "Close of Quarter": 22.5,
        "EPS": 4551,
        "Non-adjusted EPS": 4551,
        "PE": 5.0,
        "Book Price": 23.9
      }
    },
    {
      "quarter": "Q3 2012",
      "income status": {
        "Net sales": 129254,
        "Cost of goods sold": 107371,
        "Gross Profit": 21883,
        "Financial expenses": "N/A",
        "Of which: Interest expense": "N/A",
        "Cost of sales": 12317,
        "Enterprise cost management": 2146,
        "Total Operating Expenses": 14463,
        "Total revenue financing activities": 1063,
        "Net profit from business activities": 8483,
        "Profit": -17,
        "Profit before tax": 8466,
        "Present corporate income tax expenses": 2117,
        "Deferred income taxes expenses": "N/A",
        "The interests of minority shareholders": "N/A",
        "Total Cost of profits": 2117,
        "Profit after tax corporate income": 6350,
        "Volume": 3123000,
        "Close of Quarter": 16.6,
        "EPS": 6481,
        "Non-adjusted EPS": 6481,
        "PE": 2.6,
        "Book Price": 24.5
      }
    },
    {
      "quarter": "Q2 2012",
      "income status": {
        "Net sales": 150435,
        "Cost of goods sold": 129633,
        "Gross Profit": 20801,
        "Financial expenses": "N/A",
        "Of which: Interest expense": "N/A",
        "Cost of sales": 10605,
        "Enterprise cost management": 931,
        "Total Operating Expenses": 11536,
        "Total revenue financing activities": 757,
        "Net profit from business activities": 10023,
        "Profit": 132,
        "Profit before tax": 10155,
        "Present corporate income tax expenses": 2409,
        "Deferred income taxes expenses": "N/A",
        "The interests of minority shareholders": "N/A",
        "Total Cost of profits": 2409,
        "Profit after tax corporate income": 7747,
        "Volume": 3123000,
        "Close of Quarter": 13.6,
        "EPS": 7938,
        "Non-adjusted EPS": 7938,
        "PE": 1.7,
        "Book Price": 22.5
      }
    },
    {
      "quarter": "Q4 2011",
      "income status": {
        "Net sales": 59877,
        "Cost of goods sold": 51456,
        "Gross Profit": 8421,
        "Financial expenses": "N/A",
        "Of which: Interest expense": "N/A",
        "Cost of sales": 6352,
        "Enterprise cost management": 600,
        "Total Operating Expenses": 6952,
        "Total revenue financing activities": 1272,
        "Net profit from business activities": 2740,
        "Profit": -3,
        "Profit before tax": 2737,
        "Present corporate income tax expenses": 1695,
        "Deferred income taxes expenses": "N/A",
        "The interests of minority shareholders": "N/A",
        "Total Cost of profits": 1695,
        "Profit after tax corporate income": 1042,
        "Volume": 3123000,
        "Close of Quarter": 12.3,
        "EPS": 5133,
        "Non-adjusted EPS": 5133,
        "PE": 2.4,
        "Book Price": 23.5
      }
    },
    {
      "quarter": "Q3 2011",
      "income status": {
        "Net sales": 117841,
        "Cost of goods sold": 101247,
        "Gross Profit": 16594,
        "Financial expenses": "N/A",
        "Of which: Interest expense": "N/A",
        "Cost of sales": 10654,
        "Enterprise cost management": 1001,
        "Total Operating Expenses": 11655,
        "Total revenue financing activities": 1861,
        "Net profit from business activities": 6799,
        "Profit": 2,
        "Profit before tax": 6801,
        "Present corporate income tax expenses": 1700,
        "Deferred income taxes expenses": "N/A",
        "The interests of minority shareholders": "N/A",
        "Total Cost of profits": 1700,
        "Profit after tax corporate income": 5101,
        "Volume": 3123000,
        "Close of Quarter": 13.6,
        "EPS": 5322,
        "Non-adjusted EPS": 5322,
        "PE": 2.6,
        "Book Price": 23.4
      }
    },
    {
      "quarter": "Q2 2011",
      "income status": {
        "Net sales": 117509,
        "Cost of goods sold": 96167,
        "Gross Profit": 21342,
        "Financial expenses": "N/A",
        "Of which: Interest expense": "N/A",
        "Cost of sales": 7253,
        "Enterprise cost management": 808,
        "Total Operating Expenses": 8061,
        "Total revenue financing activities": 912,
        "Net profit from business activities": 14193,
        "Profit": 4,
        "Profit before tax": 14197,
        "Present corporate income tax expenses": 3296,
        "Deferred income taxes expenses": "N/A",
        "The interests of minority shareholders": "N/A",
        "Total Cost of profits": 3296,
        "Profit after tax corporate income": 10901,
        "Volume": 3123000,
        "Close of Quarter": 13.6,
        "EPS": 5310,
        "Non-adjusted EPS": 5310,
        "PE": 2.6,
        "Book Price": 21.7
      }
    },
    {
      "quarter": "Q1 2011",
      "income status": {
        "Net sales": 28258,
        "Cost of goods sold": 24513,
        "Gross Profit": 3745,
        "Financial expenses": "N/A",
        "Of which: Interest expense": "N/A",
        "Cost of sales": 4477,
        "Enterprise cost management": 894,
        "Total Operating Expenses": 5371,
        "Total revenue financing activities": 539,
        "Net profit from business activities": -1087,
        "Profit": 75,
        "Profit before tax": -1013,
        "Present corporate income tax expenses": "N/A",
        "Deferred income taxes expenses": "N/A",
        "The interests of minority shareholders": "N/A",
        "Total Cost of profits": 0,
        "Profit after tax corporate income": -1013,
        "Volume": 3123000,
        "Close of Quarter": 12.6,
        "EPS": 3843,
        "Non-adjusted EPS": 3843,
        "PE": 3.3,
        "Book Price": 18.2
      }
    }
  ]
}