{
  "ticker": "VLG",
  "data": [
    {
      "quarter": "Q4 2016",
      "income status": {
        "Net sales": 814975,
        "Cost of goods sold": 808300,
        "Gross Profit": 6676,
        "Financial expenses": 1435,
        "Of which: Interest expense": 1068,
        "Cost of sales": "N/A",
        "Enterprise cost management": 2833,
        "Total Operating Expenses": 4268,
        "Total revenue financing activities": 736,
        "Net profit from business activities": 3143,
        "Profit": 3878,
        "Profit before tax": 7021,
        "Present corporate income tax expenses": 1394,
        "Deferred income taxes expenses": "N/A",
        "The interests of minority shareholders": "N/A",
        "Total Cost of profits": 1394,
        "Profit after tax corporate income": 5627,
        "Volume": 14212130,
        "Close of Quarter": 5.8,
        "EPS": 948,
        "Non-adjusted EPS": 948,
        "PE": 6.1,
        "Book Price": 11.7
      }
    },
    {
      "quarter": "Q3 2016",
      "income status": {
        "Net sales": 763597,
        "Cost of goods sold": 758663,
        "Gross Profit": 4934,
        "Financial expenses": 1010,
        "Of which: Interest expense": 1009,
        "Cost of sales": "N/A",
        "Enterprise cost management": 1241,
        "Total Operating Expenses": 2251,
        "Total revenue financing activities": 166,
        "Net profit from business activities": 2848,
        "Profit": "N/A",
        "Profit before tax": 2848,
        "Present corporate income tax expenses": 570,
        "Deferred income taxes expenses": "N/A",
        "The interests of minority shareholders": "N/A",
        "Total Cost of profits": 570,
        "Profit after tax corporate income": 2278,
        "Volume": 14212130,
        "Close of Quarter": 7.3,
        "EPS": 761,
        "Non-adjusted EPS": 761,
        "PE": 9.6,
        "Book Price": 11.3
      }
    },
    {
      "quarter": "Q2 2016",
      "income status": {
        "Net sales": 1608735,
        "Cost of goods sold": 1601192,
        "Gross Profit": 7543,
        "Financial expenses": 2700,
        "Of which: Interest expense": 1162,
        "Cost of sales": "N/A",
        "Enterprise cost management": 1266,
        "Total Operating Expenses": 3966,
        "Total revenue financing activities": 317,
        "Net profit from business activities": 3893,
        "Profit": "N/A",
        "Profit before tax": 3893,
        "Present corporate income tax expenses": 804,
        "Deferred income taxes expenses": "N/A",
        "The interests of minority shareholders": "N/A",
        "Total Cost of profits": 804,
        "Profit after tax corporate income": 3090,
        "Volume": 14212130,
        "Close of Quarter": 6.5,
        "EPS": 773,
        "Non-adjusted EPS": 773,
        "PE": 8.4,
        "Book Price": 11.2
      }
    },
    {
      "quarter": "Q1 2016",
      "income status": {
        "Net sales": 1258022,
        "Cost of goods sold": 1252508,
        "Gross Profit": 5514,
        "Financial expenses": 986,
        "Of which: Interest expense": 986,
        "Cost of sales": "N/A",
        "Enterprise cost management": 1415,
        "Total Operating Expenses": 2401,
        "Total revenue financing activities": 4,
        "Net profit from business activities": 3116,
        "Profit": "N/A",
        "Profit before tax": 3116,
        "Present corporate income tax expenses": 633,
        "Deferred income taxes expenses": "N/A",
        "The interests of minority shareholders": "N/A",
        "Total Cost of profits": 633,
        "Profit after tax corporate income": 2483,
        "Volume": 14212130,
        "Close of Quarter": 7.4,
        "EPS": 792,
        "Non-adjusted EPS": 792,
        "PE": 9.3,
        "Book Price": 11.6
      }
    },
    {
      "quarter": "Q4 2015",
      "income status": {
        "Net sales": 2295468,
        "Cost of goods sold": 2287791,
        "Gross Profit": 7677,
        "Financial expenses": 1944,
        "Of which: Interest expense": 1304,
        "Cost of sales": "N/A",
        "Enterprise cost management": 2084,
        "Total Operating Expenses": 4028,
        "Total revenue financing activities": 254,
        "Net profit from business activities": 3903,
        "Profit": "N/A",
        "Profit before tax": 3903,
        "Present corporate income tax expenses": 941,
        "Deferred income taxes expenses": "N/A",
        "The interests of minority shareholders": "N/A",
        "Total Cost of profits": 941,
        "Profit after tax corporate income": 2962,
        "Volume": 14212130,
        "Close of Quarter": 7.4,
        "EPS": 801,
        "Non-adjusted EPS": 801,
        "PE": 9.2,
        "Book Price": 11.5
      }
    },
    {
      "quarter": "Q3 2015",
      "income status": {
        "Net sales": 1141557,
        "Cost of goods sold": 1136189,
        "Gross Profit": 5368,
        "Financial expenses": 1472,
        "Of which: Interest expense": 1378,
        "Cost of sales": "N/A",
        "Enterprise cost management": 1370,
        "Total Operating Expenses": 2842,
        "Total revenue financing activities": 559,
        "Net profit from business activities": 3086,
        "Profit": "N/A",
        "Profit before tax": 3086,
        "Present corporate income tax expenses": 634,
        "Deferred income taxes expenses": "N/A",
        "The interests of minority shareholders": "N/A",
        "Total Cost of profits": 634,
        "Profit after tax corporate income": 2452,
        "Volume": 14212130,
        "Close of Quarter": 7.4,
        "EPS": 769,
        "Non-adjusted EPS": 769,
        "PE": 9.6,
        "Book Price": 11.3
      }
    },
    {
      "quarter": "Q2 2015",
      "income status": {
        "Net sales": 455936,
        "Cost of goods sold": 448941,
        "Gross Profit": 6995,
        "Financial expenses": 1478,
        "Of which: Interest expense": 1715,
        "Cost of sales": "N/A",
        "Enterprise cost management": 2196,
        "Total Operating Expenses": 3674,
        "Total revenue financing activities": 991,
        "Net profit from business activities": 4312,
        "Profit": 1,
        "Profit before tax": 4313,
        "Present corporate income tax expenses": 947,
        "Deferred income taxes expenses": "N/A",
        "The interests of minority shareholders": "N/A",
        "Total Cost of profits": 947,
        "Profit after tax corporate income": 3366,
        "Volume": 14212130,
        "Close of Quarter": "N/A",
        "EPS": 833,
        "Non-adjusted EPS": 833,
        "PE": "N/A",
        "Book Price": 11.1
      }
    },
    {
      "quarter": "Q1 2015",
      "income status": {
        "Net sales": 665077,
        "Cost of goods sold": 658089,
        "Gross Profit": 6988,
        "Financial expenses": 1580,
        "Of which: Interest expense": 1577,
        "Cost of sales": "N/A",
        "Enterprise cost management": 1774,
        "Total Operating Expenses": 3354,
        "Total revenue financing activities": -286,
        "Net profit from business activities": 3348,
        "Profit": "N/A",
        "Profit before tax": 3348,
        "Present corporate income tax expenses": 744,
        "Deferred income taxes expenses": "N/A",
        "The interests of minority shareholders": "N/A",
        "Total Cost of profits": 744,
        "Profit after tax corporate income": 2604,
        "Volume": 14212130,
        "Close of Quarter": "N/A",
        "EPS": 760,
        "Non-adjusted EPS": 760,
        "PE": "N/A",
        "Book Price": 11.4
      }
    },
    {
      "quarter": "Q3 2014",
      "income status": {
        "Net sales": 326404,
        "Cost of goods sold": 319240,
        "Gross Profit": 7164,
        "Financial expenses": 1992,
        "Of which: Interest expense": 1099,
        "Cost of sales": "N/A",
        "Enterprise cost management": 1912,
        "Total Operating Expenses": 3904,
        "Total revenue financing activities": 25,
        "Net profit from business activities": 3284,
        "Profit": "N/A",
        "Profit before tax": 3285,
        "Present corporate income tax expenses": 777,
        "Deferred income taxes expenses": "N/A",
        "The interests of minority shareholders": "N/A",
        "Total Cost of profits": 777,
        "Profit after tax corporate income": 2508,
        "Volume": 14212130,
        "Close of Quarter": "N/A",
        "EPS": 621,
        "Non-adjusted EPS": 621,
        "PE": "N/A",
        "Book Price": "N/A"
      }
    },
    {
      "quarter": "Q2 2014",
      "income status": {
        "Net sales": 316370,
        "Cost of goods sold": 309795,
        "Gross Profit": 6574,
        "Financial expenses": 529,
        "Of which: Interest expense": 529,
        "Cost of sales": "N/A",
        "Enterprise cost management": 1831,
        "Total Operating Expenses": 2360,
        "Total revenue financing activities": 135,
        "Net profit from business activities": 4349,
        "Profit": "N/A",
        "Profit before tax": 4349,
        "Present corporate income tax expenses": 984,
        "Deferred income taxes expenses": "N/A",
        "The interests of minority shareholders": "N/A",
        "Total Cost of profits": 984,
        "Profit after tax corporate income": 3365,
        "Volume": 14212130,
        "Close of Quarter": "N/A",
        "EPS": 445,
        "Non-adjusted EPS": 445,
        "PE": "N/A",
        "Book Price": "N/A"
      }
    },
    {
      "quarter": "Q1 2014",
      "income status": {
        "Net sales": 804029,
        "Cost of goods sold": 799157,
        "Gross Profit": 4872,
        "Financial expenses": 290,
        "Of which: Interest expense": 290,
        "Cost of sales": "N/A",
        "Enterprise cost management": 1615,
        "Total Operating Expenses": 1905,
        "Total revenue financing activities": 15,
        "Net profit from business activities": 2982,
        "Profit": "N/A",
        "Profit before tax": 2982,
        "Present corporate income tax expenses": 656,
        "Deferred income taxes expenses": "N/A",
        "The interests of minority shareholders": "N/A",
        "Total Cost of profits": 656,
        "Profit after tax corporate income": 2326,
        "Volume": 14212130,
        "Close of Quarter": "N/A",
        "EPS": 208,
        "Non-adjusted EPS": 208,
        "PE": "N/A",
        "Book Price": "N/A"
      }
    },
    {
      "quarter": "Q4 2013",
      "income status": {
        "Net sales": 907886,
        "Cost of goods sold": 901075,
        "Gross Profit": 6812,
        "Financial expenses": 3576,
        "Of which: Interest expense": 82,
        "Cost of sales": "N/A",
        "Enterprise cost management": 1764,
        "Total Operating Expenses": 5340,
        "Total revenue financing activities": 51,
        "Net profit from business activities": 1523,
        "Profit": -170,
        "Profit before tax": 1353,
        "Present corporate income tax expenses": 721,
        "Deferred income taxes expenses": "N/A",
        "The interests of minority shareholders": "N/A",
        "Total Cost of profits": 721,
        "Profit after tax corporate income": 632,
        "Volume": 14212130,
        "Close of Quarter": "N/A",
        "EPS": 44,
        "Non-adjusted EPS": 44,
        "PE": "N/A",
        "Book Price": 11.1
      }
    }
  ]
}