{
  "ticker": "SGN",
  "data": [
    {
      "quarter": "Q4 2016",
      "income status": {
        "Net sales": 244895,
        "Cost of goods sold": 177253,
        "Gross Profit": 67642,
        "Financial expenses": -13,
        "Of which: Interest expense": "N/A",
        "Cost of sales": "N/A",
        "Enterprise cost management": 23746,
        "Total Operating Expenses": 23733,
        "Total revenue financing activities": 3309,
        "Net profit from business activities": 47218,
        "Profit": 172,
        "Profit before tax": 47390,
        "Present corporate income tax expenses": 10287,
        "Deferred income taxes expenses": -739,
        "The interests of minority shareholders": "N/A",
        "Total Cost of profits": 9548,
        "Profit after tax corporate income": 37843,
        "Volume": 20000000,
        "Close of Quarter": 142,
        "EPS": 8710,
        "Non-adjusted EPS": 8710,
        "PE": 16.3,
        "Book Price": 17.6
      }
    },
    {
      "quarter": "Q3 2016",
      "income status": {
        "Net sales": 249681,
        "Cost of goods sold": 167187,
        "Gross Profit": 82494,
        "Financial expenses": 136,
        "Of which: Interest expense": "N/A",
        "Cost of sales": "N/A",
        "Enterprise cost management": 17964,
        "Total Operating Expenses": 18100,
        "Total revenue financing activities": 1168,
        "Net profit from business activities": 65562,
        "Profit": 77,
        "Profit before tax": 65639,
        "Present corporate income tax expenses": 13146,
        "Deferred income taxes expenses": "N/A",
        "The interests of minority shareholders": "N/A",
        "Total Cost of profits": 13146,
        "Profit after tax corporate income": 52493,
        "Volume": 19667316,
        "Close of Quarter": 98.9,
        "EPS": 7934.8,
        "Non-adjusted EPS": 8069,
        "PE": 12.3,
        "Book Price": 17.0
      }
    },
    {
      "quarter": "Q2 2016",
      "income status": {
        "Net sales": 198001,
        "Cost of goods sold": 129911,
        "Gross Profit": 68090,
        "Financial expenses": 472,
        "Of which: Interest expense": "N/A",
        "Cost of sales": "N/A",
        "Enterprise cost management": 12830,
        "Total Operating Expenses": 13302,
        "Total revenue financing activities": 942,
        "Net profit from business activities": 55729,
        "Profit": 62,
        "Profit before tax": 55791,
        "Present corporate income tax expenses": 11153,
        "Deferred income taxes expenses": 49,
        "The interests of minority shareholders": "N/A",
        "Total Cost of profits": 11202,
        "Profit after tax corporate income": 44589,
        "Volume": 14050800,
        "Close of Quarter": 89.2,
        "EPS": 7017.0,
        "Non-adjusted EPS": 9988,
        "PE": 8.9,
        "Book Price": 14.3
      }
    },
    {
      "quarter": "Q1 2016",
      "income status": {
        "Net sales": 183988,
        "Cost of goods sold": 122952,
        "Gross Profit": 61036,
        "Financial expenses": 515,
        "Of which: Interest expense": "N/A",
        "Cost of sales": "N/A",
        "Enterprise cost management": 11830,
        "Total Operating Expenses": 12345,
        "Total revenue financing activities": 535,
        "Net profit from business activities": 49226,
        "Profit": -68,
        "Profit before tax": 49158,
        "Present corporate income tax expenses": 9878,
        "Deferred income taxes expenses": "N/A",
        "The interests of minority shareholders": "N/A",
        "Total Cost of profits": 9878,
        "Profit after tax corporate income": 39280,
        "Volume": 14050800,
        "Close of Quarter": 48.3,
        "EPS": 5470.7,
        "Non-adjusted EPS": 7787,
        "PE": 6.2,
        "Book Price": 12.2
      }
    },
    {
      "quarter": "Q4 2015",
      "income status": {
        "Net sales": 168258,
        "Cost of goods sold": 123081,
        "Gross Profit": 45176,
        "Financial expenses": 2094,
        "Of which: Interest expense": "N/A",
        "Cost of sales": "N/A",
        "Enterprise cost management": 18937,
        "Total Operating Expenses": 21031,
        "Total revenue financing activities": 2807,
        "Net profit from business activities": 26953,
        "Profit": 197,
        "Profit before tax": 27150,
        "Present corporate income tax expenses": 5371,
        "Deferred income taxes expenses": -550,
        "The interests of minority shareholders": "N/A",
        "Total Cost of profits": 4821,
        "Profit after tax corporate income": 22329,
        "Volume": 14050800,
        "Close of Quarter": 53.1,
        "EPS": 4375.4,
        "Non-adjusted EPS": 6228,
        "PE": 8.5,
        "Book Price": 10.5
      }
    },
    {
      "quarter": "Q3 2015",
      "income status": {
        "Net sales": 157183,
        "Cost of goods sold": 102571,
        "Gross Profit": 54612,
        "Financial expenses": 194,
        "Of which: Interest expense": "N/A",
        "Cost of sales": "N/A",
        "Enterprise cost management": 12925,
        "Total Operating Expenses": 13119,
        "Total revenue financing activities": 2640,
        "Net profit from business activities": 44133,
        "Profit": -27,
        "Profit before tax": 44106,
        "Present corporate income tax expenses": 9970,
        "Deferred income taxes expenses": "N/A",
        "The interests of minority shareholders": "N/A",
        "Total Cost of profits": 9970,
        "Profit after tax corporate income": 34136,
        "Volume": 14050800,
        "Close of Quarter": "N/A",
        "EPS": 4415.5,
        "Non-adjusted EPS": 6285,
        "PE": "N/A",
        "Book Price": "N/A"
      }
    },
    {
      "quarter": "Q2 2015",
      "income status": {
        "Net sales": 145412,
        "Cost of goods sold": 98484,
        "Gross Profit": 46927,
        "Financial expenses": 118,
        "Of which: Interest expense": "N/A",
        "Cost of sales": "N/A",
        "Enterprise cost management": 33122,
        "Total Operating Expenses": 33240,
        "Total revenue financing activities": 992,
        "Net profit from business activities": 14680,
        "Profit": 49,
        "Profit before tax": 14729,
        "Present corporate income tax expenses": 1061,
        "Deferred income taxes expenses": "N/A",
        "The interests of minority shareholders": "N/A",
        "Total Cost of profits": 1061,
        "Profit after tax corporate income": 13668,
        "Volume": 14050800,
        "Close of Quarter": "N/A",
        "EPS": 3710.1,
        "Non-adjusted EPS": 5281,
        "PE": "N/A",
        "Book Price": 8.6
      }
    },
    {
      "quarter": "Q1 2015",
      "income status": {
        "Net sales": 128084,
        "Cost of goods sold": 90048,
        "Gross Profit": 38036,
        "Financial expenses": 171,
        "Of which: Interest expense": "N/A",
        "Cost of sales": "N/A",
        "Enterprise cost management": 13475,
        "Total Operating Expenses": 13646,
        "Total revenue financing activities": 887,
        "Net profit from business activities": 25278,
        "Profit": "N/A",
        "Profit before tax": 25278,
        "Present corporate income tax expenses": 7902,
        "Deferred income taxes expenses": "N/A",
        "The interests of minority shareholders": "N/A",
        "Total Cost of profits": 7902,
        "Profit after tax corporate income": 17377,
        "Volume": 14050800,
        "Close of Quarter": "N/A",
        "EPS": 3027.2,
        "Non-adjusted EPS": 4309,
        "PE": "N/A",
        "Book Price": "N/A"
      }
    },
    {
      "quarter": "Q2 2014",
      "income status": {
        "Net sales": 120813,
        "Cost of goods sold": 84854,
        "Gross Profit": 35958,
        "Financial expenses": 196,
        "Of which: Interest expense": "N/A",
        "Cost of sales": "N/A",
        "Enterprise cost management": 6402,
        "Total Operating Expenses": 6598,
        "Total revenue financing activities": 570,
        "Net profit from business activities": 29930,
        "Profit": 1,
        "Profit before tax": 29931,
        "Present corporate income tax expenses": 6797,
        "Deferred income taxes expenses": "N/A",
        "The interests of minority shareholders": "N/A",
        "Total Cost of profits": 6797,
        "Profit after tax corporate income": 23134,
        "Volume": 14050800,
        "Close of Quarter": "N/A",
        "EPS": 2158.2,
        "Non-adjusted EPS": 3072,
        "PE": "N/A",
        "Book Price": 5.1
      }
    },
    {
      "quarter": "Q1 2014",
      "income status": {
        "Net sales": 114473,
        "Cost of goods sold": 82568,
        "Gross Profit": 31905,
        "Financial expenses": 335,
        "Of which: Interest expense": "N/A",
        "Cost of sales": "N/A",
        "Enterprise cost management": 6231,
        "Total Operating Expenses": 6566,
        "Total revenue financing activities": 566,
        "Net profit from business activities": 25905,
        "Profit": 27,
        "Profit before tax": 25932,
        "Present corporate income tax expenses": 5930,
        "Deferred income taxes expenses": -27,
        "The interests of minority shareholders": "N/A",
        "Total Cost of profits": 5903,
        "Profit after tax corporate income": 20029,
        "Volume": 14050800,
        "Close of Quarter": "N/A",
        "EPS": 1001.1,
        "Non-adjusted EPS": 1425,
        "PE": "N/A",
        "Book Price": 5.1
      }
    }
  ]
}